4282 5962
325 194 1467 316 nJusQuunrrarnurrs·
1584 232 1646 316 39

115 412 175 510 '§·
204 404 333 480 XCIII.
353 403 402 473 Ut
423 397 701 495 igiturquomodo
717 415 858 486 corpora
880 393 1000 486 majora
1025 394 1085 463 fint
1102 398 1281 486 composita
1304 401 1537 472 anirnonollro
1553 427 1640 476 con·-

94 518 281 606 ripianrus,
307 505 463 598 irrigamus
488 497 613 588 aliquot
638 495 765 565 rarioris
790 496 942 604 tegminIs
965 493 1142 581 sindoneS,
1169 514 1251 585 quae.
1283 498 1396 566 cribris
1416 498 1573 586 sortiunt,
1599 525 1633 571 a·

95 611 239 689 cervari,
265 600 359 674 malla
378 616 600 688 componetur
619 592 802 665 innumeris·
819 592 1032 665 lamminibus
1056 591 1119 662 live
1142 596 1232 684 poris
1254 594 1398 684 pertula:
1427 593 1504 665 Hoc
1529 600 1640 668 modo·

95 724 282 797 comparata
315 699 385 771 lunt
411 716 539 792 rnagm.
558 712 718 783 corpora:
731 710 890 780 quorum.
907 690 1152 784 penetrabilius
1164 694 1213 763 ab
1235 691 1304 761 allis
1325 695 1635 782 corporibus-nunc

98 806 313 898 intelligetur:
340 818 415 868 nam
439 794 539 866 veluti
563 789 713 883 pulveres
727 786 939 857 foraminibus
967 790 1112 857 minores
1136 791 1276 869 cribrum
1301 790 1634 877 transmearesolent,

98 920 249 996 poterunt
267 916 403 989 quoque
427 890 593 983 particulae
614 884 1204 982 meattucorporum.cribsiforrniuar
1226 887 1356 957 tranlirr
1407 887 1576 961 -Lixivium
1591 909 1650 963 ert·
1706 950 1711 964 ,

97 1000 186 1073 calce
213 1001 284 1069 vira
309 992 346 1064 dr
375 991 624 1080 auripigmento·
657 980 849 1055 tenuillimas
874 981 1004 1059 exhalat
1033 1002 1159 1072 partes,
1192 984 1249 1055 hae.
1272 983 1426 1074 plur-imas
1441 1007 1636 1076 ,perrepunt

96 1098 239 1176 chartas,
271 1087 312 1161 δι
341 1091 451 1183 nigras
477 1082 622 1155 efficiunt
652 1081 783 1163 literas,¹
811 1094 890 1172 quse.
916 1082 949 1149 in
979 1072 1268 1169 superiori-elimes
1298 1103 1374 1153 cum
1400 1084 1640 1157 aceto-saturni·

98 1212 233 1265 exaratae
258 1187 476 1260 albescebant.
526 1180 661 1271 Spiritus
683 1177 815 1249 fumans
834 1176 1032 1267 sulphureus-
1041 1175 1181 1253 volatilis
1199 1196 1390 1274 argentum,
1415 1182 1534 1253 etiamst
1551 1182 1635 1253 mul·
1708 1194 1711 1199 '
1739 1178 1746 1199 ¹

100 1295 139 1363 tis
160 1290 278 1360 chattis
294 1281 330 1357 bt
347 1284 457 1353 linteis
476 1276 656 1351 involutum
679 1273 772 1345 fusco
793 1275 907 1345 colore
926 1272 1028 1345 inlicit
1042 1273 1224 1363 :Spintus
1245 1275 1332 1347 Nitri
1363 1275 1638 1368 Geoffroyanus,

102 1410 172 1459 tum
187 1385 242 1458 Sal
263 1381 403 1456 volatilis
420 1377 554 1462 Urinae,
582 1394 683 1466 poros
703 1374 775 1442 vitri
791 1373 855 1442 albi
871 1391 1058 1462 perreptant
1077 1371 1294 1463 avolantque:
1330 1373 1461 1449 Odores
1483 1377 1641 1461 Moschi,

101 1485 265 1566 Zibethi,
298 1481 500 1569 allorumque
520 1491 705 1563 corporum·
730 1468 892 1561 transeunt
918 1470 1040 1564 ligneas
1059 1467 1202 1558 capsulas
1218 1493 1239 1553 ς.
1263 1469 1386 1541 Vinum
1407 1475 1540 1569 ejusque
1562 1475 1636 1564 Spi-

102 1587 182 1656 ritus
213 1601 254 1651 ex
283 1578 372 1650 cadis
398 1577 514 1672 ligneis
540 1568 649 1644 evolat
665 1593 682 1638 ε.
715 1566 905 1665 Aliquando
932 1587 1039 1637 tamen
1064 1567 1257 1663 contingit,
1279 1589 1315 1636 ut
1338 1589 1439 1658 poros
1459 1592 1642 1661 corporum

101 1679 229 1772 amplos
251 1698 325 1748 non
337 1690 532 1745 transmeent
552 1667 719 1761 particulae
736 1717 767 1753 ,.
781 1667 858 1736 ilcet
879 1663 985 1734 multo
1006 1664 1195 1751 exiliores,
1226 1683 1361 1756 propter
1381 1667 1452 1749 vina
1474 1670 1642 1756 quandam:

100 1776 340 1870 repellentem,
363 1793 436 1863 quae
458 1773 542 1841 inter
556 1763 715 1853 nonnulla
739 1785 880 1856 corpora
905 1762 998 1833 datur
1012 1783 1030 1828 ε.
1066 1758 1155 1833 Hinc
1175 1783 1258 1853 aqua
1278 1762 1413 1853 reficam
1435 1760 1556 1836 suillam
1579 1766 1644 1837 hu-

100 1875 219 1948 mIdam
238 1889 403 1965 permeat,
430 1889 527 1961 quarn
544 1887 613 1937 non
628 1862 736 1934 transit
758 1862 897 1953 Spiritus
912 1860 1008 1943 vini,
1041 1854 1231 1929 observante
1247 1856 1389 1930 Nolleto
1414 1856 1492 1955 (a)
1517 1862 1644 1937 etiamst:

102 1972 237 2065 Spiritus
259 1970 294 2041 itt
307 1967 414 2040 multo
430 1969 560 2038 tenuior
580 1961 675 2053 aqua
724 1959 823 2052 Aqua
839 1952 1015 2028 &Vinum
1033 1978 1102 2026 non
1123 1954 1251 2046 perfluit
1266 1956 1391 2045 Suber,
1415 1980 1471 2030 aut
1486 1958 1647 2032 Cilicium·

103 2070 335 2144 Camelinum:
360 2062 435 2141 Lux
450 2059 644 2157 puriffimam
669 2057 777 2131 albam
797 2055 940 2129 mutam
959 2055 1013 2128 vix
1031 2102 1053 2140 ,.
1070 2050 1129 2123 sed
1148 2052 1233 2125 oleo·
1248 2056 1377 2127 uncum
1399 2053 1551 2127 facillime
1566 2081 1647 2149 per·
1677 2066 1680 2071 '

102 2187 217 2260 reptat.
1296 2240 1301 2247 .

151 2279 185 2375 l.
209 2278 339 2349 XCIV.
361 2274 501 2347 Poliunt
517 2272 581 2345 elie
599 2292 739 2360 corpora
754 2267 1010 2359 denffiyquibus
1025 2264 1150 2359 pauci,
1170 2288 1284 2341 verum
1297 2269 1476 2363 ampliffimi
1493 2270 1647 2361 sttntpo·

105 2378 153 2449 ri:
177 2374 241 2443 alia
256 2371 389 2463 poliunt
413 2369 477 2439 elie
491 2390 579 2455 rara,
603 2368 722 2457 quibus
739 2364 892 2459 nugulli,
921 2362 977 2433 sed
999 2363 1239 2439 numerofiliimi
1257 2366 1327 2445 sunt
1348 2369 1449 2458 pori:
1481 2371 1558 2438 ideo
1588 2369 1646 2440 illa·

105 2470 204 2545 densa
221 2467 359 2541 alluido
380 2463 547 2549 craffion,
572 2484 671 2554 quam
697 2484 765 2533 rara
782 2461 947 2551 permeati-
963 2480 1145 2551 poterunt:
1180 2464 1336 2553 quamdiu
1357 2483 1465 2535 autern
1483 2486 1643 2555 potorum

106 2567 445 2664 magnitudines.non-·
460 2560 742 2632 determinavimus
762 2558 956 2628 immediatis
981 2557 1258 2639 observationibus
1266 2610 1285 2645 ,.
1304 2560 1383 2633 nihil
1404 2563 1496 2652 quod
1517 2578 1644 2634 certum

104 2669 165 2738 etit
195 2666 229 2734 in
263 2663 408 2733 medium
439 2657 585 2752 proferre
610 2659 821 2749 poterimus:
847 2653 921 2726 Itno
944 2653 1135 2746 pulsantia
1160 2657 1276 2729 eadem
1296 2659 1384 2730 mole
1406 2662 1480 2749 pori
1505 2661 1647 2731 multum

103 2760 233 2833 differre
257 2758 490 2852 amplitudine,
514 2755 599 2829 adeo
615 2775 651 2826 ut
664 2756 764 2846 aliqui
778 2754 838 2824 srnt
855 2752 1002 2848 angusti,
1018 2755 1074 2823 alii
1090 2754 1314 2846 anrpli3.id.in
1327 2755 1562 2854 vegetabilibus
1577 2757 1647 2841 clas

105 2881 140 2932 ee
162 2861 251 2931 cerni
273 2857 399 2950 potest,
416 2852 455 2927 δι
473 2853 558 2927 forte
580 2854 717 2926 obtinet
734 2853 768 2925 ia
783 2850 933 2943 plurimis
949 2852 1174 2942 corporibus.

150 2990 183 3090 §-
210 2988 322 3060 XCV.
347 2988 524 3079 Quomam·
538 2990 649 3055 omnia
662 3002 805 3074 corpora
830 2983 902 3055 sunt
914 2984 1110 3089 admodum·
1120 2974 1240 3080 perosa
1256 3039 1272 3073 ,-
1301 2988 1484 3062 mensurato
1506 2991 1649 3063 volumi·

105 3114 149 3166 ne
164 3086 380 3158 nonhabetur
393 3103 467 3154 vera
484 3079 576 3152 solidi
600 3081 813 3179 magnitudo,
838 3081 892 3151 sed
914 3084 1011 3187 aequ'e
1029 3085 1221 3179 magnitudo
1242 3108 1399 3177 potorum
1421 3087 1646 3178 extensurum,

106 3183 334 3261 resolidatam
357 3181 512 3273 partium:
539 3200 614 3252 cum
638 3200 717 3251 vero
740 3200 898 3271 potorum
916 3181 1046 3271 coplam
1063 3204 1212 3254 accurate
1232 3183 1648 3275 determinarenonlicet,
1710 3228 1717 3237 ·
1793 3230 1799 3239 ·

106 3300 194 3381 patet
218 3302 331 3352 veram
348 3300 527 3371 corporum
549 3276 728 3348 mensuram
750 3274 816 3348 huc
838 3277 939 3369 usque
961 3279 1072 3349 haberi
1095 3303 1164 3352 non
1178 3280 1281 3374 polle.

155 3399 186 3499 §-
213 3398 342 3473 XCVI.
367 3397 446 3466 Pori
461 3419 646 3486 corporum
653 3399 838 3489 aliquando·
850 3422 922 3491 pro
932 3424 1023 3493 parte
1038 3406 1107 3477 aliis
1120 3411 1314 3500 corporibus
1332 3411 1402 3482 lunt
1418 3410 1563 3505 impleti,
1589 3413 1647 3484 ali·

109 3498 248 3593 quando¹
273 3518 337 3585 pro
372 3511 464 3582 parte
495 3494 617 3563 inanes.
664 3492 906 3589 Vegetabilium
921 3503 996 3588 pori
1013 3503 1206 3596 plerumque
1230 3506 1368 3579 multum
1392 3510 1502 3606 ignis,
1528 3510 1648 3596 A'e'ris,

109 3596 245 3686 Aque,
267 3587 460 3661 &aliorum
492 3589 704 3659 minimorum
729 3592 1008 3682 eorpusculorum·
1028 3600 1063 3666 in
1089 3603 1162 3677 aere
1187 3607 1363 3677 natantium
1390 3606 1546 3693 sorbent,
1572 3609 1650 3698 quia

111 3692 183 3763 sunt
205 3685 383 3759 admodum
411 3682 534 3775 patuli,
560 3705 595 3757 ut
620 3687 654 3756 in
678 3685 967 3760 rnultostermites
988 3690 1146 3785 irreptor:
1173 3697 1210 3769 ln
1226 3700 1362 3775 aliorum
1390 3710 1566 3794 corporum
1591 3727 1648 3772 an-

113 3787 267 3957 ffitstiores
292 3805 394 3877 poros
410 3781 545 3853 exiliora
558 3804 682 3856 tantum
698 3782 889 3876 corpuscula
903 3787 1080 3879 irrepunt,
1095 3790 1194 3869 velu'ti
1214 3795 1327 3893 ignis,
1346 3800 1507 3872 Eleftrica
1521 3797 1649 3871 effluvia

151 3907 209 3965 c.,
234 3883 379 3973 quamvis
404 3881 442 3950 iis
459 3903 526 3951 non
542 3884 672 3973 penitus
688 3886 839 3974 usquein
858 3882 989 3975 plenam
1005 3888 1191 3966 denfitatem
1213 3894 1422 3988 impleantur:
1449 3902 1522 3971 n'am
1542 3921 1572 3965 v.
1599 3917 1656 3989 gr.-

114 3977 245 4053 metalla
269 3977 383 4074 frigida
400 4000 515 4068 parum
539 3979 628 4077 Ignis
647 3976 683 4052 St
703 3979 938 4055 Eleilricitatis
953 3986 1183 4063 concludunt:
1215 3993 1366 4067 calefacta
1396 4013 1588 4084 receperunt
1616 3995 1657 4067 in

115 4078 205 4173 poris
225 4075 299 4166 plus
324 4075 429 4169 ignis:
454 4073 591 4167 poliunt
609 4100 745 4171 quoque
766 4081 880 4153 multo
898 4083 1020 4176 majori·
1037 4092 1134 4179 copia
1158 4090 1372 4163 eleilricitatis
1391 4093 1540 4183 impleri:
1566 4090 1662 4162 adeo¹

116 4196 153 4248 ut
173 4176 206 4245 in
221 4171 384 4244 calefatns
403 4170 640 4248 &electriferis
660 4176 765 4248 multo
780 4177 853 4268 plus
868 4185 1013 4255 materi'ae
1033 4206 1136 4275 poros
1152 4189 1306 4280 opplent:
1333 4191 1398 4282 qui
1414 4194 1558 4278 iterum,
1575 4209 1660 4263 cuttu
1696 4195 1702 4210 '
1789 4208 1794 4213 '

119 4272 188 4345 llrnt
211 4268 478 4367 refrigerata,.&
499 4273 653 4346 evolante
684 4275 912 4362 eleilricitate,
938 4279 1134 4355 inaniuntur.
1232 4354 1237 4365 ,
1699 4272 1704 4305 ³

167 4398 312 4472 XCVII.
338 4401 427 4498 Quia
451 4403 668 4493 corpuscula,
703 4418 782 4498 qu'ae
807 4408 840 4477 in
863 4406 1002 4480 aliorum
1028 4414 1116 4498 poris
1139 4410 1358 4496 delitescunt,
1386 4436 1453 4487 non
1474 4415 1601 4502 semper
1617 4413 1666 4483 ils·
1698 4398 1704 4410 ⁸
1729 4404 1733 4411 ’
1762 4384 1803 4463 ‘'-

121 4496 245 4592 irlunt,
269 4492 490 4581 &interdurn
503 4500 617 4593 maiori
640 4507 801 4580 minorive
826 4506 923 4599 copia
943 4557 963 4596 „
984 4507 1138 4583 dicuntur
1158 4508 1286 4585 efficere
1313 4532 1492 4617 corporum
1510 4496 1689 4601 lllaffw'
1744 4502 1747 4507 ’
1792 4502 1805 4515 “’

1596 4626 1675 4690 W
