4282 5962
278 333 282 344 ·
404 312 497 409 na
536 290 1150 398 cantanensium
1188 293 1597 401 FIRMITATF..
1705 306 1789 407 391
1905 264 1914 287 ’

257 521 421 602 nanum,
453 510 490 585 di
514 510 684 605 pinguium
709 498 902 591 Lepidum,
933 516 1007 586 quae
1028 490 1105 563 oleo
1135 486 1172 561 ἃ
1190 494 1275 583 aqui
1301 491 1450 564 avolante
1471 497 1504 565 in
1524 495 1691 586 pulverem
1716 493 1789 565 sati·

256 623 366 697 scunt:
392 611 555 703 Lapidum
568 607 704 677 allorum
723 617 829 689 partus
855 594 979 683 Aqui,
1004 590 1165 677 aut-Aqui
1180 584 1217 661 bt
1241 590 1314 663 Sale
1339 591 1608 679 connetiuntut:¹
1623 593 1698 661 ideo
1714 613 1788 661 eur·

258 739 383 816 potum
404 710 536 782 durities
568 704 652 773 vatia
677 721 745 769 non
770 695 888 786 probat
914 693 969 779 uni
994 688 1068 780 plus
1100 706 1192 757 terrae
1217 686 1316 758 inell'e
1347 708 1447 779 quant
1478 685 1599 769 alteri,
1633 689 1687 759 sed
1718 688 1790 786 glu-

260 840 315 893 κῃ
340 833 421 884 ωε
443 806 585 897 partiunt.
606 796 769 869 interstitia
795 791 974 861 accuratius
999 790 1032 856 in
1058 806 1125 856 uno
1152 807 1249 875 quam
1275 790 1308 857 ln
1330 784 1432 857 alteru
1459 781 1609 877 impleret

311 923 342 1022 §t
376 912 554 993 chut
584 911 739 999 Corpora
769 923 878 975 auteur
903 900 1025 994 majora
1048 896 1084 971 dt
1109 900 1251 993 separata
1273 904 1345 975 aliis
1367 902 1476 976 adbuc
1502 903 1643 988 modis,
1673 922 1710 975 ut
1734 923 1798 975 co·-

260 1022 454 1100 leserunt,
480 1012 728 1103 conjungimus

269 1196 272 1201 ,
317 1140 365 1191 ιο,
400 1113 463 1185 llla
491 1129 610 1199 nempe
643 1107 673 1175 vi
705 1098 841 1173 externa
871 1097 1036 1195 adigenda
1062 1095 1099 1170 dt
1121 1100 1374 1192 comprimenffo
1388 1124 1402 1171 ς
1423 1100 1649 1183 mhaefescem
1671 1104 1760 1171 enim
1782 1150 1800 1186 r

261 1236 417 1312 ‘limum
442 1226 656 1301 wilmun
679 1199 901 1289 Atmosphaera
929 1198 1064 1281 neres,
1088 1196 1261 1271 Terrarum
1287 1201 1361 1271 urbi
1384 1201 1603 1283 circumdata,
1630 1200 1687 1270 suo
1713 1218 1804 1288 pon..
1848 1214 1852 1219 ·

263 1318 342 1389 dere
366 1328 533 1400 corpora,
567 1306 651 1373 matr
682 1318 754 1389 quae
780 1319 848 1369 non
875 1293 1059 1379 interfluit,
1091 1296 1245 1388 sesqua
1278 1296 1474 1371 extrinsecus
1499 1301 1626 1381 ambit,
1657 1296 1808 1385 compriae

264 1416 344 1486 mit:
369 1410 446 1478 ideo
472 1401 690 1491 hemispheria
717 1394 937 1466 Gueticlriana
961 1416 1059 1478 cava,
1085 1397 1214 1469 interno
1238 1399 1313 1467 aire
1337 1394 1520 1477 exhausto,
1545 1396 1586 1466 ab
1612 1397 1708 1465 Aeris
1740 1392 1801 1461 cir-

264 1504 480 1583 cumfluentis
506 1499 652 1591 pondere
681 1491 813 1587 pressa,
847 1493 1057 1563 vehementer
1091 1493 1313 1567 cohaerescunt
1337 1493 1369 1563 vi
1401 1491 1632 1583 aquipollente
1663 1487 1807 1582 ponderi

265 1603 520 1694 atrnoipnaeraet
545 1594 654 1667 Simili
681 1591 787 1663 modu
826 1593 938 1663 omnia
969 1610 1135 1681 corpora,
1173 1613 1250 1682 quae
1289 1588 1389 1667 Aeris
1419 1586 1537 1679 preliui
1573 1605 1809 1680 exponuntur

266 1700 434 1794 compulsa
459 1695 644 1768 cohaennt.

314 1823 345 1920 §a
371 1816 543 1892 MXClV.
572 1833 622 1884 20.
655 1807 894 1884 Cubarel‘c'unt
914 1813 1013 1882 etiarn
1039 1831 1058 1881 c
1122 1829 1214 1897 ora,
1234 1808 1363 1898 quavi
1387 1807 1570 1902 magnetica
1596 1805 1628 1876 se
1653 1801 1811 1888 nabuntg.

267 1927 315 1993 ita
336 1917 480 2013 Magnes
504 1934 582 1983 cum
609 1908 792 2005 Magnene3
818 1908 964 2002 Magnes
987 1830 1209 1992 cunoaettoa
1235 1903 1359 1976 ferrum
1381 1901 1566 2000 magnetica
1587 1904 1620 1974 ti
1643 1901 1812 1973 imbutum

265 2015 433 2091 eumalio
457 2011 547 2080 ferro
571 2011 605 2076 in
630 2026 728 2076 unam
753 2003 876 2077 molem
904 2007 1024 2078 unitur.

318 2124 349 2222 ᾗ.
384 2118 541 2193 MXCV.
582 2114 881 2210 Qremadmodum
916 2123 951 2190 in
976 2117 1008 2215 5.
1045 2137 1149 2212 1005.
1174 2109 1324 2208 corporis
1349 2136 1456 2211 putes
1480 2137 1558 2193 cunt
1582 2115 1728 2209 partibus
1752 2132 1818 2183 coe

267 2220 463 2302 rarescere,
488 2234 650 2306 quatenus
674 2213 706 2285 se
730 2216 882 2299 trahunt,
907 2216 1071 2302 dixirnus3
1098 2218 1142 2285 ita
1166 2236 1302 2304 quoque
1327 2237 1469 2307 corpora
1492 2233 1708 2310 magnacum
1721 2228 1819 2305 mage

270 2326 325 2395 nis
347 2313 585 2394 cohaerescunt,
611 2314 658 2381 uti
683 2331 772 2401 patet
798 2314 832 2380 in
857 2311 1030 2393 omnibus,
1056 2332 1129 2399 qua
1154 2308 1310 2403 lavigatae
1333 2309 1405 2379 sunt
1429 2311 1640 2399 superficiei,
1674 2309 1820 2398 latisque·

272 2419 312 2490 se·
330 2417 532 2507 contingunt
550 2408 655 2502 plagis
679 2405 717 2501 §t
741 2427 853 2497 1092..
904 2402 1086 2473 Chinenses
1117 2418 1290 2488 caprorum
1320 2424 1445 2469 cornua
1468 2407 1504 2469 in
1533 2404 1676 2472 lamellas
1700 2402 1820 2489 planae

272 2513 481 2602 discerpunt,
513 2506 627 2574 harum
652 2507 815 2599 margines
838 2517 1006 2571 attenuant
1022 2546 1043 2582 ‚x
1067 2495 1267 2587 aliquamdiu
1292 2497 1402 2566 codas
1426 2495 1625 2661 marginibus
1650 2497 1816 2589 margines

273 2613 320 2684 ad·
348 2605 552 2678 latitudinem
587 2621 610 2691 q
641 2599 799 2679 linearum
830 2596 912 2687 poll.
938 2597 1143 2685 imponunt‚·
1168 2610 1239 2661 tum
1279 2589 1459 2683 forcipibus
1503 2595 1601 2662 erreis
1634 2592 1820 2663 calentibus

275 2707 500 2796 comprimunt
523 2701 557 2768 in
583 2695 696 2786 paucis
720 2691 945 2787 plagita-dein
968 2691 1132 2784 margines
1155 2691 1272 2758 benun
1296 2686 1507 2772 humetlant,
1531 2686 1731 2758 bumet‘latas
1746 2684 1814 2756 fot-

275 2807 403 2895 alpibus
428 2793 608 2867 mlendbus
632 2809 691 2880 pet
714 2807 819 2860 totam
844 2784 1091 2881 longitudinem
1109 2788 1354 2875 comprimunt,
1377 2783 1445 2854 hoe
1467 2782 1712 2877 pado'lamella
1735 2803 1820 2852 cum·

275 2899 403 2975 lamella
427 2892 472 2964 est
498 2886 662 2970 solidata,
691 2904 729 2957 ut
754 2882 1028 2972 locusjunsturae
1050 2878 1157 2951 videri
1185 2896 1350 2972 nequeate
1383 2878 1442 2953 Eu
1471 2879 1599 2973 aliquot
1629 2877 1820 2970 hujusmodi

275 2992 412 3071 lamellis
437 2989 574 3057 laternas
596 2979 720 3072 amplas
734 3031 752 3070 ‚.
773 2998 933 3061 corneas,
958 2973 1174 3049 fabrefaciant
1197 2975 1345 3047 diametri
1374 2974 1403 3069 3'
1420 2976 1567 3068 pedumt
1591 2979 1626 3050 in
1648 2976 1716 3048 hoc
1740 2974 1821 3047 casu

276 3089 413 3166 latnellae
446 3084 616 3174 levigata·
635 3084 762 3147 tanturn
793 3077 882 3144 artie
907 3073 979 3145 sunt
1009 3070 1194 3163 appress‘ae3
1227 3074 1311 3143 ideo·
1335 3073 1474 3146 lamellae
1507 3078 1541 3145 in
1566 3096 1665 3146 unam
1689 3073 1821 3144 molem

279 3190 351 3261 sunt
375 3185 494 3260 unita,
518 3196 557 3246 ac
581 3172 673 3244 liei
698 3174 824 3243 ratione
849 3166 1104 3243 conneviss'ent
1124 3192 1129 3199 ·
1146 3168 1251 3243 Simili
1269 3170 1373 3242 mado
1397 3170 1559 3265 scipiones
1581 3173 1681 3268 lignei
1710 3167 1821 3242 crusta

282 3282 478 3357 testudinum
503 3270 704 3345 obvelantur.
796 3292 807 3301 ·
862 3288 871 3297 ·
1083 3288 1087 3293 ·
1141 3288 1154 3297 ·
1214 3286 1225 3295 ·
1422 3306 1428 3315 ·

330 3376 402 3451 Sed
422 3376 496 3466 quia
519 3388 696 3458 corpomrn
719 3365 883 3458 maiorum
905 3364 1091 3457 superlinita
1115 3363 1192 3438 sunt·
1210 3364 1395 3451 adinoditm‘
1410 3366 1554 3462 aliem,
1578 3386 1725 3439 acervata
1741 3386 1817 3438 cor·

280 3499 362 3572 pora
386 3477 419 3543 in
445 3470 557 3561 paucis
581 3467 771 3559 exiguisque
794 3464 880 3533 locis
906 3461 937 3531 se
963 3481 1088 3533 tantum
1113 3466 1330 3559 contingunt,
1355 3465 1390 3535 in
1415 3467 1549 3558 reliquis
1571 3465 1684 3556 aliquo
1701 3462 1826 3535 distant·

282 3570 485 3647 intervallos
510 3563 629 3654 quibus
661 3559 806 3649 partibus
831 3557 868 3626 se·
888 3576 1051 3651 tangunt,
1083 3556 1279 3645 fortillima‚
1306 3561 1363 3630 ubi
1387 3560 1528 3646 distant,
1552 3560 1746 3639 imbecillior
1769 3559 1825 3631 eli·

283 3669 466 3741 attractio:
492 3679 569 3750 quo·
599 3654 808 3747 asperitates·
824 3651 895 3723 sunt
926 3655 1070 3725 minores
1089 3664 1146 3723 'eu
1178 3657 1333 3745 propiora
1370 3653 1444 3726 sunt
1585 3679 1644 3742 ra,
1677 3657 1753 3728 hinc
1777 3679 1824 3728 ea

284 3757 586 3858 laevigadllimarum
616 3748 872 3841 superficiemm·
888 3747 1004 3823 fortitu
1037 3749 1072 3822 se
1104 3747 1233 3823 trabunt
1257 3748 1293 3821 dt
1318 3749 1513 3827 cahaerent:
1574 3754 1711 3848 ugenius
1735 3753 1824 3824 duas

285 3863 426 3933 laminas·
451 3850 573 3924 metalli
604 3848 751 3940 politas,
786 3860 869 3919 tum·
889 3840 926 3916 dt
957 3845 1037 3917 duas
1068 3851 1239 3920 marmoris
1272 3850 1363 3945 nigri*
1388 3849 1507 3920 crustas
1530 3847 1651 3940 absque
1674 3848 1745 3919 ullo
1769 3853 1826 3921 in·

287 3955 451 4031 rennedio·
468 3966 617 4040 corpore·
633 3945 692 4016 fibi
715 3941 873 4037 imposuit
881 3967 899 4031 ς·
929 3942 1141 4037 superficies,
1182 3947 1301 4038 quibus
1333 3942 1365 4017 se
1390 3947 1594 4047 tangebant,
1628 3965 1726 4018 erant·
1756 3951 1819 4020 cit-

287 4059 378 4128 titer·
403 4048 531 4142 pollicis
566 4043 740 4136 quadrati,
781 4041 831 4114 ha
863 4039 1124 4117 cohaerescebant
1154 4065 1223 4116 non
1256 4065 1380 4117 tantum
1412 4046 1547 4141 pondus
1572 4045 1665 4117 suum
1698 4043 1819 4127 susten·-

287 4170 418 4231 aantes‚
450 4142 505 4215 sed
537 4161 689 4232 praterea
719 4160 784 4215 tres
807 4138 905 4212 libras
929 4138 1074 4215 inferiori
1098 4143 1251 4217 marmori
1281 4140 1437 4237 appensas
1456 4194 1476 4233 ,.
1498 4143 1652 4239 idemque
1683 4140 1827 4221 effedus

286 4252 324 4322 in
355 4263 467 4323 acuo·
491 4236 673 4329 Bollfflno·
695 4237 924 4314 0bslmb⁸tur
953 4237 1062 4337 (l),
1094 4263 1169 4338 qua
1192 4262 1275 4316 mm·
1291 4243 1498 4341 experientia.
1511 4243 1688 4321 contenire
1717 4243 1824 4314 enam

1679 4337 1823 4429 ὀὀοέὶψ

205 4558 209 4565 ·
329 4537 389 4617 (a)
411 4534 575 4596 menstra
596 4537 715 4610 Enang.
735 4535 824 4597 Tbrn.
845 4550 875 4594 a.
896 4550 963 4613 pag.
984 4547 1052 4611 πω

332 4618 391 4699 (b)
411 4615 532 4695 Journal
554 4613 607 4680 dea
627 4615 754 4680 Saeuam
772 4615 829 4687 Aa.
851 4620 940 4691 1⁶22.
959 4630 1028 4696 pag.
1051 4631 1127 4689 saue
