4282 5962
496 276 593 369 DE
632 262 1117 385 communitum
1152 290 1220 353 aa·
1252 266 1636 363 FlRMITA'l'll.
1722 304 1808 391 405

280 497 349 565 mr,
374 480 553 552 taurana
575 477 700 549 uiribus
718 444 892 541 secundum
916 462 1157 559 longitudinem
1180 461 1360 553 librarum,
1383 469 1434 540 vel
1458 474 1610 563 parallele
1635 478 1668 546 in
1694 476 1800 572 longi.

276 579 428 648 tudinem¹
448 574 668 669 operantibus.

318 710 350 808 §t
376 706 547 783 MCXlV.
572 706 607 776 Si
633 706 700 776 duo
725 724 865 800 corpora
886 700 1059 792 oblonga,
1085 696 1239 792 regularis
1269 697 1403 794 figora,
1418 695 1473 770 ·&
1494 703 1566 774 toni
1593 704 1800 800 longitndine

271 830 366 902 aeque
391 806 508 893 crassa,
532 802 651 874 fuerint
670 801 814 893 ejusdem
841 798 1074 893 longitudinis,
1101 792 1136 865 δι
1157 793 1306 883 fabricae,
1332 798 1385 870 sed
1402 794 1532 870 diversae
1547 799 1711 890 craffitiei,
1736 812 1798 877 erit

269 928 386 977 eorum
408 903 605 976 coherentia
631 897 775 969 absoluta
803 900 836 967 in
859 900 982 967 ratione
1008 891 1226 965 craffitiemm.

318 1001 389 1074 Sint
412 1022 453 1071 ex
472 999 597 1071 eodem
614 1001 699 1067 vitro
723 993 774 1067 vel
795 991 927 1065 metallo
954 991 1023 1062 duo
1046 989 1183 1079 cylindri
1207 990 1296 1077 AB,
1323 991 1421 1080 CD,
1460 1019 1553 1088 aeque
1575 998 1687 1093 longi,
1713 1021 1799 1090 quo·

267 1120 338 1172 rum
358 1120 466 1190 partes
489 1099 556 1189 ptri
579 1096 609 1165 vi
632 1092 868 1165 cohaerescant:
889 1088 955 1181 jana
983 1087 1090 1180 potest
1114 1091 1224 1161 anino
1254 1094 1387 1183 concipi
1417 1095 1580 1183 cylindros
1607 1093 1686 1168 CD
1712 1120 1794 1170 con·

268 1197 349 1268 stare
369 1218 413 1266 ex
433 1197 561 1285 aliquot
587 1188 740 1282 cylindris
764 1188 837 1260 AB
866 1187 962 1279 juxta.
981 1185 1018 1275 ¹se
1036 1185 1148 1277 pontis
1174 1187 1381 1279 januaque,
1410 1213 1552 1283 quorum
1573 1194 1711 1283 quilibet
1736 1198 1796 1267 erit
1826 1213 1901 1275 Tab.

267 1317 364 1385 aeque
386 1292 496 1364 firmus
518 1312 557 1361 ac
583 1291 629 1361 eli
655 1288 751 1368 ΑΒ,
775 1284 927 1377 adeoque
946 1286 1007 1355 erit
1028 1282 1161 1355 finnitas
1188 1284 1251 1355 sive
1273 1285 1469 1359 cohaerentia
1489 1289 1634 1361 absoluta
1659 1294 1795 1380 cylindri
1805 1294 1916 1355 xxvi.

267 1392 365 1473 AB,
390 1390 432 1460 ad
456 1410 527 1459 earn
553 1386 689 1476 cylindri
714 1384 747 1456 C
756 1374 814 1467 Ι),
838 1382 937 1456 veluti
962 1381 1008 1453 est
1038 1403 1067 1450 1.
1092 1380 1133 1450 ad
1159 1402 1329 1453 numerum
1346 1384 1567 1474 cylindrorum
1591 1372 1857 1477 componenflss
1883 1376 1930 1434 ‘⁶‘

268 1491 348 1559 tiurn
376 1485 472 1573 CI),
498 1486 616 1557 veluti
638 1482 686 1553 en
705 1479 854 1553 crassities
878 1479 953 1552 AB
983 1477 1032 1549 ad.
1055 1475 1222 1550 craffitiem
1262 1476 1355 1550 CD:
1379 1480 1473 1579 Ergo
1497 1482 1569 1556 sunt
1592 1484 1800 1560 cohaerentiae

268 1586 422 1657 absolntae
447 1587 480 1654 in
507 1584 630 1654 ratione
654 1579 871 1651 ctallttierum.

317 1679 431 1778 Quum
459 1703 536 1752 vero
559 1676 708 1748 crassities
733 1677 853 1747 borum
878 1673 1102 1766 cylindrorum
1126 1673 1197 1745 sont
1227 1677 1260 1746 in
1293 1677 1419 1747 ratione
1439 1677 1594 1768 quadrata
1624 1679 1800 1757 diametro·

266 1802 338 1852 rum
363 1783 395 1848 in
419 1778 545 1848 basibus
570 1776 601 1845 B
630 1772 664 1845 ἃ
691 1773 741 1846 D.
767 1773 818 1846 vel
842 1774 887 1845 uti
917 1772 1070 1863 quadrata
1092 1769 1421 1844 circumferentiarum
1442 1776 1476 1845 in
1498 1774 1626 1846 basibus
1650 1776 1678 1847 B
1697 1776 1730 1848 dt
1748 1780 1800 1854 Dc

266 1878 326 1951 etit
350 1874 482 1945 firmitas
505 1871 558 1943 vel
580 1872 785 1944 cohaerentia·
799 1869 937 1959 cylindri
960 1868 1052 1954 AB,
1076 1869 1119 1938 ad
1144 1863 1250 1955 CD,
1280 1872 1328 1939 uti
1352 1870 1544 1961 quadratum
1572 1874 1802 1950 circumferen-

265 1976 318 2045 tiae
344 1972 393 2055 B,
418 1971 461 2040 ad
484 1966 677 2059 quadratum
702 1966 969 2039 circumferentiae
995 1962 1042 2036 D.

316 2068 541 2157 Supponimns
563 2062 773 2155 fimpliciutis
796 2086 877 2159 ergo
895 2062 1074 2153 Cylindrus
1099 2063 1198 2147 AB,
1225 2055 1331 2150 ci),
1367 2063 1432 2136 else
1455 2062 1704 2166 homogeneos,
1727 2093 1803 2168 gn.

265 2166 371 2239 nitatis
402 2182 573 2254 expertes,
598 2154 637 2231 ἃ
660 2158 783 2233 tant'mn
803 2160 908 2326 frangi
932 2163 974 2231 ab
1002 2161 1152 2251 appenfis
1172 2159 1305 2231 inferius
1330 2164 1540 2253 corporibus:
1565 2168 1630 2241 Sed
1656 2168 1803 2259 sieylin-

266 2262 317 2334 dri
343 2260 402 2330 lint
425 2280 570 2355 graves,
585 2256 710 2350 semper
732 2279 838 2350 partes
881 2260 1011 2349 operias
1036 2276 1169 2327 retentae
1194 2257 1269 2345 plus
1284 2258 1440 2346 ponderis
1464 2262 1609 2354 gestant,
1637 2288 1734 2357 qnam
1753 2269 1803 2339 in·

265 2358 418 2431 seriores:
443 2356 489 2426 est
513 2357 601 2425 enirn
626 2354 757 2445 pondos
778 2350 957 2443 appensum
975 2372 1019 2417 eo
1035 2351 1159 2438 majus,
1184 2372 1252 2436 quo
1276 2352 1443 2434 cylindrus
1462 2356 1509 2426 est
1533 2358 1692 2456 longior,
1717 2364 1804 2434 adeo

265 2475 308 2537 nt
329 2454 453 2544 semper
478 2448 643 2541 cylindms
666 2469 757 2541 parte
793 2446 949 2538 superiori
979 2445 1090 2534 potius
1116 2441 1312 2538 frangendus
1336 2442 1374 2513 fit
1406 2464 1505 2533 quam
1530 2452 1565 2520 in
1594 2457 1734 2540 medio,
1766 2456 1804 2529 dc

265 2554 377 2644 potius
399 2554 433 2620 in
456 2549 567 2619 medio
589 2568 688 2638 qnam
710 2549 745 2616 in
768 2566 859 2634 parte
884 2540 1049 2612 inferiori:
1075 2538 1164 2610 Cum
1187 2560 1298 2611 autem
1317 2537 1454 2629 cylindri
1472 2541 1543 2616 sunt
1557 2547 1695 2639 breves,
1717 2575 1805 2642 pon·

267 2648 328 2719 dus
350 2668 464 2719 eorum
489 2648 544 2719 vix
567 2663 710 2712 meretur
733 2643 979 2723 attentionem,
1005 2633 1042 2706 dc
1063 2635 1147 2707 solet
1172 2638 1208 2707 in
1231 2635 1379 2727 pluribus
1414 2643 1645 2731 experimentis
1668 2666 1738 2717 tuto
1765 2672 1805 2719 ο-

175 2768 179 2775 ·
264 2747 380 2816 mitti:
406 2743 443 2814 iit
464 2744 551 2813 enim
565 2788 587 2824 ,.
609 2741 657 2808 uti
687 2739 729 2807 in.
750 2734 861 2807 multis
887 2734 933 2804 est
957 2732 1117 2819 cuibus,
1140 2732 1273 2823 pondus
1298 2732 1521 2807 drachmarum
1548 2760 1591 2827 2,
1615 2736 1652 2813 dt
1678 2742 1805 2839 gestare

263 2837 361 2933 polli‘t
384 2837 549 2929 cylindrus
573 2832 611 2907 ib
643 2855 746 2905 1000.
772 2831 818 2903 eil
833 2829 966 2924 pondus
982 2828 1119 2919 cylindri
1141 2829 1183 2898 ad
1209 2828 1416 2922 firmitatem,
1442 2831 1494 2902 vel
1511 2834 1665 2925 pondus,
1689 2862 1709 2911 a
1734 2862 1803 2933 qno

262 2936 443 3033 frangitur,
469 2935 516 3005 uti
542 2953 571 3003 t.
597 2928 639 3003 ad
664 2928 798 3021 64000.
823 2949 893 3021 quo
917 2928 1054 3023 cognito
1078 2925 1210 3017 pondus
1233 2923 1339 3017 ipsum
1354 2925 1578 3019 cylindrorum
1601 2935 1743 3031 neglexi.

311 3065 355 3232 p..
372 3064 537 3137 MCXV.
561 3057 1103 3151 Estbaecpropofitioutililsmta,
1128 3078 1259 3132 eumer
1279 3064 1392 3153 paucis
1410 3066 1661 3156 experimentis,
1686 3070 1720 3140 in
1739 3069 1801 3141 sm·

266 3186 311 3261 gn
324 3167 350 3232 is
371 3181 549 3251 corporum
578 3158 752 3256 generibus
781 3157 915 3249 captis,
949 3177 1065 3227 eorum
1089 3154 1287 3229 coherentia
1315 3158 1461 3231 absoluta
1493 3165 1533 3233 in
1556 3163 1631 3234 data
1652 3165 1800 3253 qualibet

264 3258 399 3335 craffitie
424 3259 694 3349 quamproxime
718 3255 877 3349 cognosci
898 3250 1013 3346 pollit,
1040 3253 1062 3323 sr
1083 3274 1225 3346 corpora
1246 3253 1365 3328 fuerint
1387 3277 1572 3349 peractam
1596 3259 1729 3331 massam
1754 3285 1799 3334 ae·

267 3379 333 3448 que
356 3355 469 3441 firma,
495 3352 706 3449 ejusdemque
731 3348 879 3438 fabricae,
905 3346 941 3421 dt
964 3348 1124 3421 firnillima
1146 3350 1338 3444 explorato:
1364 3355 1517 3427 srautetn
1531 3355 1663 3443 fabrici
1686 3354 1722 3429 dt
1744 3358 1799 3430 sir·

265 3457 376 3526 mitate
402 3450 667 3543 discrepaverint,
691 3450 771 3520 licet
793 3446 936 3537 ejusdem
960 3448 1120 3540 generis,
1134 3450 1361 3523 conclusiones
1379 3474 1463 3524 veras
1486 3452 1617 3527 formari
1636 3476 1705 3527 non
1719 3477 1798 3548 pos·

262 3551 348 3623 sunt.
399 3549 508 3622 Filum
524 3547 601 3619 Lini
614 3543 748 3617 craffitie
765 3542 838 3613 setae
856 3544 986 3633 eqninae
1005 3562 1131 3611 tantum
1154 3540 1190 3613 b
1217 3567 1258 3637 3,
1284 3566 1317 3637 5.
1344 3548 1515 3621 sustentare
1538 3555 1671 3643 potuit,
1696 3552 1798 3624 adeo·

266 3670 330 3738 que
347 3668 480 3717 acervus
495 3643 654 3738 ejusmodi
669 3636 799 3712 filorum
818 3658 926 3731 7000.
946 3634 1139 3709 sustentasset
1157 3642 1192 3713 ib
1212 3657 1353 3732 7000><
1369 3665 1410 3735 3,
1436 3664 1470 3737 5.
1489 3650 1551 3719 five
1567 3645 1744 3739 lb24000,
1760 3669 1794 3743 ς,

266 3745 374 3817 Funis
403 3742 611 3814 anchoran‘us
635 3736 855 3820 craffiffimus,
881 3734 972 3826 cujus
997 3732 1260 3809 circumferentia·
1276 3738 1322 3809 eil
1346 3758 1403 3811 ar.
1427 3741 1584 3831 pollicum
1604 3795 1617 3829 ,
1651 3747 1796 3836 plemm·

266 3864 332 3934 que
355 3840 569 3930 componitur
591 3858 633 3909 ex
651 3856 760 3928 2250.
783 3830 937 3903 funiculu
951 3832 1159 3918 cannabinis,
1184 3856 1325 3926 quorum
1351 3836 1487 3929 quilibet
1510 3840 1634 3936 gestate
1657 3838 1693 3912 lb
1713 3865 1793 3915 100.

263 3938 394 4030 potest,
421 3936 571 4027 adeoque
593 3932 766 4005 fasciculus
792 3948 901 4021 2250.
925 3928 1145 4001 funiculomm
1169 3930 1293 4027 gellare
1316 3937 1438 4027 poterit
1462 3934 1500 4009 ib
1528 3954 1770 4032 2250>e100

316 4033 505 4108 Cbinenses
522 4052 569 4102 ert
588 4030 648 4102 alil
675 4030 808 4101 materia
839 4024 934 4099 funes
967 4046 1093 4099 tenues·
1112 4024 1148 4098 dt
1176 4029 1305 4121 asperto
1335 4032 1441 4131 longe
1469 4034 1651 4129 pulcriores
1684 4035 1793 4109 Euro-
1918 4096 1922 4103 .

260 4185 364 4280 peis,
388 4181 528 4253 ducunt:
553 4198 672 4271 nempe
697 4198 738 4249 ex
761 4195 887 4269 papyro
912 4173 1074 4248 chineni:
1099 4176 1261 4251 funiculas
1287 4177 1433 4253 diametri
1459 4151 1519 4295 35⁴3
1544 4184 1625 4277 poll.
1651 4184 1793 4259 Rheno.

263 4329 382 4401 landici
406 4348 580 4420 antequam
600 4324 825 4423 frangebatur,
850 4322 1033 4395 sustentavit
1054 4326 1091 4397 ib
1120 4347 1175 4397 ιι.
1200 4321 1235 4397 &
1266 4348 1321 4398 12.
1370 4328 1408 4400 ln
1431 4327 1568 4403 Oriente
1592 4332 1671 4406 olim
1698 4327 1734 4404 dc
1758 4354 1802 4403 a*

267 4425 339 4522 pud
362 4424 535 4507 Romarm
556 4423 651 4505 tunes
674 4421 774 4505 saliri
797 4442 818 4498 e
840 4419 959 4518 palme
979 4419 1234 4620 solsssefiebgnt,
1260 4444 1328 4500 tum
1352 4446 1394 4503 ex
1415 4412 1565 4526 Sparte,
1590 4434 1649 4529 qui
1673 4426 1792 4503 intiu-

1056 4542 1059 4549 ’
1111 4542 1135 4595 Ε
1179 4544 1185 4554 “
1288 4544 1291 4548 ’
1697 4542 1800 4595 niort:
