4282 5962
309 252 401 399 ma
522 274 649 373 ΠΕ
726 265 1657 377 ahmeihicirbsd

318 474 446 551 metalla
466 471 727 549 fundata'sateor
741 466 1043 543 amenumultum
1066 463 1281 539 eleilrlcitatis
1305 464 1458 565 dirigatur
1484 474 1519 545 in
1544 475 1662 547 tubum·
1682 481 1839 569 vitreum,

317 577 372 651 aul
393 573 509 667 injecta
530 568 576 647 est
601 568 816 651 cinnabaris,
840 568 931 639 hunc
951 562 1092 652 quadam
1114 562 1282 657 nigredine
1307 565 1413 652 infici,
1437 563 1474 639 dt
1498 567 1653 678 globulos
1679 574 1840 657 Mercurii

315 674 349 743 in
374 670 581 761 conspcslum
609 663 763 757 prodire:
794 667 864 733 into
885 660 1026 731 Zincum
1049 662 1082 730 in
1108 657 1201 729 srmili
1225 661 1306 731 tubo
1330 660 1456 735 sumum
1477 668 1680 760 maculatur,
1705 677 1765 766 qui
1790 679 1839 747 vi·

315 766 432 838 dentur
454 762 520 837 elle
546 760 644 836 flores
667 760 785 845 Zinci,
808 761 855 830 uti
878 759 1040 847 competit
1061 754 1158 829 Nob.
1183 756 1351 827 Beccaria.

323 910 327 915 -
363 880 416 954 7⁰.
441 860 596 952 Corpma
616 861 659 931 ab
685 862 767 952 igne
782 855 876 931 valde
897 851 1055 927 ealehua
1074 852 1221 946 perdunt
1244 852 1525 941 Elesiricitatem,
1562 856 1598 932 u
1629 868 1714 961 ignis
1737 868 1839 939 veho·

315 978 408 1031 mens
429 978 568 1031 eamear
588 956 660 1027 aliis
684 954 878 1045 corporibus
904 951 1064 1034 destruit,
1094 952 1143 1021 uti
1172 950 1308 1039 quando
1340 952 1383 1021 ad
1404 952 1523 1027 fernnn
1545 959 1581 1029 in
1603 961 1705 1035 altero
1729 984 1839 1035 extre.

315 1076 373 1129 mo
397 1054 491 1129 valde
513 1051 736 1129 candcsaslum
762 1051 859 1121 tubus
879 1052 1000 1121 vitreus
1023 1047 1192 1119 eleslricus
1216 1047 1251 1117 in
1275 1049 1398 1143 exiguo
1431 1053 1598 1125 intervallo
1620 1058 1829 1131 admovetur:

314 1152 349 1225 Si
374 1172 484 1221 autern
506 1153 590 1221 inter
610 1168 735 1239 partem
760 1146 955 1219 candentem
976 1144 1053 1216 ferrl
1077 1140 1253 1215 &tubum
1277 1144 1464 1219 elesiricum
1488 1169 1609 1241 corpus
1623 1154 1757 1246 aliquod
1774 1178 1838 1247 po-

313 1270 426 1333 natur,
453 1252 564 1339 ignem
589 1247 816 1335 intercipiens,
842 1242 1045 1315 Elesiricitas
1069 1263 1138 1312 non
1162 1240 1343 1312 destruitur.

365 1344 417 1415 8⁰.
442 1342 611 1415 Frictione
637 1338 674 1413 dc
698 1344 827 1425 attritu,
851 1338 1010 1431 pulsuque
1034 1340 1191 1409 excitatur
1214 1339 1299 1433 ignis
1323 1337 1462 1434 vulgaris
1488 1337 1752 1418 &eledlricitasz
1780 1348 1835 1419 sed

312 1442 392 1515 h'cct
417 1440 582 1511 metallum
611 1439 763 1510 cudendo
795 1435 1003 1511 vehementer
1033 1434 1225 1507 incalescere
1238 1432 1363 1527 poliat,
1395 1437 1521 1511 nullum
1545 1459 1654 1515 umen
1678 1444 1836 1517 indicium

313 1538 528 1609 eledlricitatis
551 1536 693 1606 exhibet.

359 1654 413 1725 9⁰.
437 1632 597 1704 Flunnrae
620 1633 704 1725 ignis
726 1629 865 1725 vulgaris
897 1629 960 1700 lata
980 1628 1045 1699 basr
1066 1625 1285 1699 adhaerescunt
1307 1628 1457 1721 pabulo,
1491 1633 1591 1724 idque
1616 1636 1835 1726 consumunt,

312 1726 354 1799 dt·
372 1732 407 1799 in
435 1732 545 1818 apices
573 1747 762 1809 tenuantur,
777 1744 891 1797 contra
905 1723 1050 1815 penicilli
1073 1724 1189 1795 radioli
1214 1724 1437 1799 adhaerescunt
1456 1733 1654 1821 corporibus
1676 1738 1770 1823 apice
1789 1756 1839 1805 te·

311 1828 390 1910 uui,
415 1826 606 1991 digergunt,
628 1818 666 1893 ds
690 1822 753 1893 lata
777 1822 843 1893 basi
866 1842 887 1891 a
909 1822 1104 1911 corporibus
1124 1820 1279 1909 avolant,
1304 1842 1367 1910 nec
1389 1822 1512 1917 aliquid
1537 1847 1579 1895 ex
1594 1830 1633 1897 iis
1645 1830 1838 1919 abripiunt,

311 1940 368 1995 aut
388 1943 453 1994 con
467 1941 594 1993 urnunt.
609 1978 628 1993 ,
885 1990 890 2003 ,
973 1994 977 1999 ,
1114 1998 1121 2005 ,
1155 1996 1160 2007 ,
1349 1966 1355 1977 ·
1468 1972 1479 2011 ·.

363 2038 435 2090 10⁹.
461 2018 549 2114 Ignis
573 2017 710 2114 vulgaris
732 2014 876 2088 rarefacit
895 2015 1115 2107 expanditque
1138 2018 1298 2107 corpora,
1323 2037 1396 2107 quae
1413 2018 1612 2113 ingreditur,
1636 2020 1699 2091 lire
1724 2019 1837 2109 finna,

311 2116 377 2195 ssve
398 2115 513 2186 fluida:
541 2115 763 2189 Elesiricitatc
790 2113 917 2185 nullum
939 2112 1065 2207 signum
1090 2110 1312 2184 raresaetionis
1331 2116 1366 2183 in
1388 2115 1582 2205 corporibus
1606 2115 1735 2186 edente.

356 2220 432 2287 11⁰.
458 2210 581 2285 Omnia
602 2213 711 2285 oleoso
733 2207 923 2281 &resinosa
944 2206 1186 2300 suntpabulum
1211 2210 1294 2305 ignis
1316 2208 1482 2307 vulgaris,
1517 2234 1537 2282 a
1570 2234 1638 2303 quo
1662 2211 1755 2284 facile
1775 2212 1839 2287 sol·

307 2332 458 2415 matur,
492 2304 527 2379 dt
549 2330 649 2397 quem
671 2308 819 2379 celeriter
837 2310 872 2375 in
896 2304 983 2375 suam
1001 2304 1133 2375 massam
1155 2306 1339 2394 rccipiunt:
1372 2326 1487 2385 contra
1511 2308 1710 2381 cleslricitas
1738 2314 1840 2383 maxi·

309 2426 397 2479 mam
419 2402 560 2479 offendit
578 2404 789 2477 rcfistentiam
806 2405 841 2475 in
865 2400 947 2473 oleis
973 2398 1009 2471 dc
1032 2398 1197 2485 resinofis,
1222 2404 1296 2492 quae
1321 2422 1396 2493 nort,
1415 2400 1509 2475 facilc
1532 2404 1650 2477 fundit.

311 2522 392 2611 .--§.
419 2520 718 2603 DCCCCXLll.
744 2519 896 2591 Fluidum
918 2516 1121 2590 Electricum
1142 2538 1212 2589 non
1236 2516 1283 2587 est
1307 2537 1443 2609 quoque
1469 2538 1593 2591 tantum
1616 2520 1692 2593 Lux
1715 2524 1811 2597 Solis.

309 2650 318 2693 r
357 2616 448 2687 Nam
470 2614 546 2685 Lux
562 2616 659 2697 ¹Solis
683 2616 717 2683 in
738 2614 833 2683 lineis
856 2614 951 2695 restis
977 2612 1128 2695 incedit,
1152 2632 1267 2679 contra
1291 2608 1504 2683 Elcslricitas·
1520 2620 1554 2683 in
1578 2618 1735 2704 penicillo
1760 2645 1842 2697 coa·

307 2712 368 2780 stat
389 2728 431 2776 ex
453 2708 548 2777 radiis
573 2706 605 2776 se
628 2706 890 2796 repellentibus,
923 2702 958 2773 dt
990 2705 1068 2775 ideo
1092 2702 1186 2773 valde
1210 2704 1476 2795 divergentibus,
1511 2713 1568 2795 qui
1595 2715 1721 2784 undoso
1747 2738 1842 2791 motu

307 2804 400 2895 supra
436 2800 534 2871 lentis
565 2803 674 2871 vitree
690 2798 907 2888 ¹superficient
938 2816 1158 2887 procurrunt,
1191 2792 1306 2887 &per
1329 2818 1468 2869 vacuum
1494 2799 1682 2893 serpentinis
1700 2809 1841 2901 jactibus

308 2899 438 2985 uolunt,
463 2896 558 2989 quod
580 2895 661 2967 radii
684 2893 770 2967 Solis
791 2896 824 2964 in
848 2894 947 2979 redis·
966 2892 1061 2961 lineis
1086 2894 1292 2963 emctlun'tur.
1365 2980 1369 2989 Ι

359 2996 412 3069 20'.
436 2992 612 3067 Penicillos
634 2991 794 3063 radiantes
815 2986 944 3059 efficere
963 2984 1132 3076 possumus
1150 2988 1323 3081 incurvos,
1348 2990 1442 3079 quod
1465 3011 1566 3063 nemo
1591 2995 1625 3065 in
1649 2996 1745 3069 radiis
1771 3001 1835 3074 So·

309 3094 352 3181 lia
369 3093 469 3181 seclae
492 3090 699 3177 Eledlricitas,
709 3088 808 3177 enim,
824 3102 1022 3177 procurrens
1033 3083 1082 3159 ad
1106 3082 1196 3169 ilubi
1218 3082 1316 3155 ferrei
1339 3104 1548 3171 extremum,
1571 3091 1761 3177 penicillum
1785 3119 1837 3167 ra-

311 3188 621 3273 ffiwtemsonnat,
644 3187 713 3277 .qui
734 3185 850 3273 tesius¹
865 3179 911 3259 est
926 3178 1104 3273 ,-.:quando
1128 3180 1305 3277 dircite-ei
1328 3181 1448 3277 digitus
1476 3187 1684 3277 opponitur,
1720 3190 1840 3267 deinde

308 3288 399 3365 lente
426 3285 548 3379 digitus
569 3300 737 3361 moveatur
756 3280 800 3369 ad
824 3277 907 3349 latus
931 3278 1031 3371 tubi,
1044 3274 1392 3375 'penicilluadigitum
1414 3279 1551 3373 sequens
1575 3283 1759 3358 incurvatur
1782 3312 1836 3363 va.

309 3384 359 3459 aia
381 3381 504 3455 flexura
519 3400 588 3470 ¹pro
602 3374 894 3469 ¹disserentidigiti
920 3373 1010 3455 loco.
1131 3430 1138 3443 .
1266 3430 1273 3441 .

307 3506 336 3563 .-;.
361 3497 413 3569 aa·
438 3474 603 3567 nanos
622 3470 1081 3571 §oliarrrinrufiasteri
1107 3473 1143 3571 h.
1162 3430 1284 3567 toran
1298 3466 1522 3569 colligemus,
1550 3496 1588 3549 ut
1612 3472 1740 3569 &apa
1764 3485 1837 3555 vitri

310 3572 450 3657 ustorii,
474 3591 511 3644 ut
538 3574 638 3645 ambo
658 3560 727 3644 foci
749 3566 888 3643 adversis
912 3552 1227 3663 direllronibussbi
1253 3590 1444 3657 occurrant,
1467 3592 1537 3645 non
1561 3575 1663 3644 oritur
1687 3576 1836 3669 strepitus

305 3671 364 3743 sel
395 3668 534 3749 susurrus
565 3672 600 3743 in
616 3670 732 3755 =aire,
750 3688 825 3753 nec
840 3665 1019 3758 exploso,
1046 3666 1154 3759 queis
1172 3668 1337 3763 contingit
1359 3688 1436 3741 cum
1460 3668 1632 3761 penicillus
1651 3670 1838 3749 Elecin'cus

304 3767 403 3853 alteri
424 3767 558 3851 aduerso
584 3768 755 3843 occurrit..
782 3812 785 3819 ·
1107 3818 1113 3831 ·
1260 3820 1263 3827 -
1400 3802 1416 3857 .·

360 3886 414 3960 4⁰·
439 3862 516 3947 Luat
537 3864 623 3939 Solis
645 3886 716 3937 non
741 3880 888 3965 permeat
910 3882 1051 3953 corpora
1076 3881 1199 3951 opaca,
1226 3858 1280 3929 sed
1303 3858 1390 3931 lente
1407 3879 1538 3931 rantum
1563 3864 1729 3951 irrepens,
1753 3888 1837 3958 pau·

303 3964 401 4043 latim
422 3962 592 4035 calefacit:
623 3960 843 4049 Eledridpte
867 3959 981 4035 munia
1005 3975 1134 4047 opaca,
1173 3974 1351 4047 quaenon.
1364 3954 1438 4031 sunt
1461 3954 1714 4049 ldioileclrica,
1745 3968 1835 4041 nictu

303 4060 400 4139 oculi
425 4062 521 4132 citius
545 4074 764 4148 percurrente.
784 4114 811 4141 .,
844 4106 849 4139 ÷
1015 4100 1019 4107 -
1310 4114 1320 4131 .
1815 4114 1823 4127 .

303 4194 318 4235 r,
332 4220 338 4231 ..
359 4176 412 4245 5⁰.
436 4154 540 4227 Nulla
563 4153 620 4225 lux
641 4148 727 4224 Solis
750 4150 783 4220 in
806 4146 916 4219 locum
938 4167 1059 4239 purum
1083 4142 1205 4231 infusa,
1228 4166 1270 4219 ex
1294 4146 1326 4219 se
1349 4146 1487 4223 odorem
1511 4149 1652 4249 spargit,
1677 4178 1740 4230 nec
1761 4160 1833 4235 col·

302 4242 393 4335 letha
411 4252 445 4321 ln
467 4250 578 4323 focum
602 4270 622 4320 a
644 4244 777 4340 speculo
799 4236 948 4332 ustorio,
978 4238 1205 4319 Elestncirate
1236 4244 1375 4343 odorem
1398 4268 1507 4319 acrem
1530 4248 1713 4343 phosphori
1736 4256 1830 4333 instar

308 4344 488 4417 exhalante.
535 4344 596 4417 Est
615 4344 670 4417 hic
695 4342 782 4414 odor
801 4340 910 4415 similis
941 4340 1019 4427 illi,
1053 4343 1109 4435 qui
1141 4339 1187 4412 ell
1210 4344 1246 4415 in
1271 4340 1394 4431 sumo,
1429 4348 1570 4418 excitato
1594 4350 1635 4419 ab
1661 4348 1749 4423 Oleo
1773 4354 1832 4429 Vi·

303 4442 423 4533 alulit,
440 4460 513 4529 aut
532 4442 654 4532 Spiritu
679 4438 760 4512 Salis
783 4438 937 4527 Marini,
968 4438 1169 4527 Limaturam
1196 4437 1292 4513 Ferri
1315 4438 1483 4530 solvente,
1518 4446 1576 4537 qui
1599 4444 1708 4519 sumus
1733 4454 1828 4525 mam

300 4534 835 4649 archaia-ardenteinflammari
862 4536 999 4635 potest,
1023 4528 1158 4641 flammi
1187 4540 1348 4643 crepitum
1372 4538 1517 4639 edente,
1547 4541 1721 4643 analogum
1744 4549 1831 4622 elec·

297 4680 370 4735 *uit
563 4686 569 4695 ’
1779 4666 1835 4739 ⁸¹¹2
