4282 5962
471 292 605 389 oa·
659 289 934 381 arms-c
970 288 1009 377 r
1044 290 1085 377 rt
1122 290 1144 377 1
1180 294 1217 379 c
1254 294 1276 382 1
1309 296 1350 383 a
1385 300 1423 385 a
1457 296 1596 397 um
1718 324 1800 423 tos

271 496 517 570 communicare
539 512 614 565 cttm
636 490 735 563 altera
761 492 841 563 serie
863 493 899 563 in
920 490 996 583 pice
1017 489 1119 563 stante
1142 491 1271 583 potest,
1296 488 1332 562 dt
1355 493 1492 565 viciffim
1513 500 1555 569 ab
1578 496 1641 573 hac
1664 507 1801 596 recipie·

274 592 382 689 Quod
398 612 505 664 autem
531 586 648 661 excluii
668 588 813 660 exrserie
836 610 904 659 nou
927 589 1166 679 percutiantur,
1190 588 1259 674 lit,
1283 588 1571 683 quia-elediricitas
1595 599 1647 668 via
1671 601 1798 675 brevis-

274 691 354 765 fima
377 710 437 781 per
457 706 599 779 corpora
613 687 656 757 eb
675 706 752 757 uno
775 705 923 757 anemo
948 683 991 754 ad
1013 682 1157 757 alterum
1174 688 1302 771 currit,
1335 708 1409 778 qua
1443 687 1501 759 lon
1526 692 1576 760 iot·-
1598 690 1736 783 fulliet,
1768 700 1794 772 li

273 786 586 883 ingrederemreos,
611 783 669 873 qui
688 781 758 853 sunt
772 800 863 853 extra
887 780 1017 851 ferient:
1042 780 1166 873 semper
1190 802 1299 853 autem
1323 787 1374 854 via
1397 786 1486 857 brevi
1520 808 1574 859 tna
1598 810 1793 879 procurrere

272 886 391 953 nitimr.
420 879 541 951 Verum
559 878 652 971 plura
664 877 725 949 alia
740 876 968 961 noninutilia,
993 899 1067 968 quae
1087 882 1313 971 experimento
1329 880 1440 955 nostro
1458 905 1535 955 cum
1546 884 1658 975 phiala
1673 910 1793 979 aquam

272 980 419 1069 capiente
442 996 550 1047 ortum
576 976 667 1047 suum
684 976 827 1058 debent,
850 972 1048 1045 tradiderunt
1072 973 1128 1046 Cl.
1142 974 1341 1048 -Wiulrlerus
1358 977 1492 1073 (a).&
1504 981 1680 1055 Watsonus
1697 986 1793 1083 (b).

318 1109 350 1209 ἦ.
379 1100 734 1186 Dccccxxxvlt.
770 1112 803 1182 Si
835 1108 956 1200 sphera
988 1112 1088 1181 vitrea
1122 1130 1230 1196 cava,
1263 1114 1452 1187 intrinsecus
1476 1120 1597 1191 munda
1624 1118 1660 1193 &
1684 1122 1791 1211 licea,

268 1230 324 1282 aut
343 1212 440 1281 tubus
460 1212 581 1283 vitreus
604 1226 779 1279 evacuetur
799 1207 898 1291 atre,
924 1204 960 1277 ἃ
986 1206 1176 1301 claudamr,
1201 1228 1244 1278 ne
1270 1214 1325 1281 aer
1348 1212 1453 1283 narsus
1478 1215 1626 1304 irrepat,
1653 1238 1792 1311 tumque

268 1306 465 1379 extrinsecus
493 1326 592 1377 manu
626 1304 787 1377 ficcillrmu
811 1302 863 1374 vel
887 1301 1023 1394 pulvillo
1043 1302 1206 1391 fricetur,
1239 1307 1352 1401 ingens
1376 1308 1452 1378 clari
1478 1308 1608 1383 luminis
1633 1317 1730 1405 copia
1754 1320 1790 1389 in

268 1404 399 1474 interno
426 1418 519 1474 cavo¹
536 1406 719 1485 excimmr,
752 1396 863 1471 lumen
891 1398 1060 1471 coruscum
1091 1402 1261 1471 cavitatem
1294 1404 1424 1474 un'dosrs
1443 1403 1585 1497 jactibus
1609 1415 1792 1499 percurrit,

267 1499 359 1569 fimili
382 1501 484 1571 modo
504 1522 542 1571 ac
565 1497 688 1587 fulmen
710 1496 905 1587 percoelum
929 1498 1087 1583 vibratur3
1113 1498 1199 1587 idem
1225 1496 1262 1567 fit
1287 1498 1309 1567 fi
1334 1522 1440 1591 prope
1463 1506 1589 1592 apicem
1616 1508 1790 1603 virgaefen

267 1602 361 1681 ree,
386 1599 470 1667 cir'ce
491 1598 588 1687 quani
610 1594 697 1689 larga
722 1590 867 1665 funditur
890 1592 1109 1678 eledticitas,
1143 1594 1258 1665 tubum
1280 1595 1358 1665 aifre
1383 1598 1490 1685 probe
1513 1620 1650 1671 vacuum
1676 1625 1787 1675 tenea·

267 1714 367 1777 musa
396 1692 493 1763 autsr
517 1695 606 1787 virga
630 1690 733 1763 ferrea
755 1708 891 1761 transeat
910 1690 1054 1760 medium
1078 1690 1250 1781 operculi,
1275 1712 1349 1761 cum
1375 1696 1463 1789 virga
1487 1693 1716 1784 ferruminati,
1740 1720 1793 1776 at·

265 1806 330 1881 que
350 1788 540 1879 operculum
561 1785 690 1859 claudat
703 1788 862 1878 recipiens
882 1787 1041 1873 vitreum,
1065 1808 1106 1858 ex
1131 1808 1198 1877 quo
1222 1790 1332 1859 omnis
1356 1792 1413 1881 aer
1435 1794 1614 1883 exnactus,
1638 1796 1727 1889 virga
1751 1795 1787 1868 fit

265 1890 299 1955 ln
330 1886 507 1974 recipiente
531 1884 573 1955 ad
604 1882 745 1954 mediam
772 1882 1002 1967 altitudinem,
1036 1902 1106 1954 turn
1135 1880 1332 1955 eledlticitas
1365 1888 1448 1977 parti
1472 1891 1570 1984 virga·
1595 1891 1792 1964 extrinsecus

263 1984 418 2053 eminenti
448 1980 576 2061 affusa,
601 1997 755 2071 permeat
779 1999 882 2049 totam
912 1981 1033 2075 virgam
1063 1977 1099 2050 dt
1129 1980 1245 2069 implet
1274 1981 1416 2073 jadlibus
1441 1982 1604 2055 fulmineis
1628 1991 1792 2061 internum

263 2096 377 2148 cavum
405 2078 601 2165 recipientis.
653 2076 830 2149 Am'aenum
859 2074 1083 2167 spedlaculum
1113 2080 1239 2166 praebet
1261 2080 1427 2168 cylindrus
1451 2084 1571 2154 vitreus
1596 2081 1702 2170 HK,
1734 2088 1791 2177 qui
1838 2104 1917 2167 m

263 2172 424 2243 clauditur
442 2170 600 2261 operculo
626 2192 721 2263 aneo
745 2172 809 2258 C,
833 2170 925 2262 cujus
944 2172 1056 2245 medio
1079 2172 1213 2243 inlertus
1238 2175 1284 2245 ell
1308 2176 1396 2247 stilus
1420 2200 1530 2249 aeneus
1554 2180 1615 2267 A,
1649 2186 1705 2273 qui
1731 2183 1897 2254 coxxll.

264 2269 364 2338 haeret
386 2288 461 2338 cum
486 2270 568 2338 mbo
594 2270 697 2339 vitreo
717 2266 812 2353 BD,
837 2268 935 2339 tubus
954 2268 999 2339 est
1022 2268 1117 2358 plane
1141 2269 1258 2357 plenus
1283 2272 1465 2361 Mercurii,
1490 2297 1632 2368 eumque
1644 2282 1790 2353 ambiunt
1801 2264 1907 2341 ΗΜ*

264 2384 328 2434 tres
353 2364 489 2451 cylindri
512 2362 566 2445 E,
589 2362 643 2442 E,
667 2364 710 2430 E.
736 2372 781 2429 err
802 2362 940 2430 subere:
967 2363 1047 2432 infra
1068 2366 1182 2431 tubutn
1206 2366 1248 2432 ad
1272 2368 1473 2437 intervallum
1498 2367 1704 2463 semipollieis
1729 2377 1793 2465 ilat¹

264 2458 493 2549 corpusculum
510 2454 701 2547 aeneumF,
728 2454 845 2545 tabula
867 2455 975 2527 antlia
993 2456 1144 2541 affixum,
1169 2457 1325 2531 exhausto
1348 2461 1427 2531 aere
1451 2483 1492 2532 ert
1508 2470 1703 2557 recipiente,
1728 2494 1791 2561 per

265 2555 356 2626 filum
379 2555 577 2627 metallicum
599 2552 670 2625 LA
694 2550 879 2623 affundetur
901 2544 1110 2637 eldtlticitas,
1134 2552 1207 2625 haee
1230 2554 1369 2625 corusco
1393 2556 1518 2629 lumine
1541 2563 1721 2657 ingredimr
1739 2588 1792 2637 re·

264 2654 420 2744 eiplens,
444 2652 595 2740 caditque
620 2668 661 2718 ex
687 2645 801 2717 subere
826 2648 859 2715 in
885 2645 1006 2732 suber,
1031 2648 1173 2719 formans
1197 2645 1335 2739 speciem
1359 2656 1588 2725 muneratum
1612 2658 1788 2731 luminosa·

263 2766 357 2831 tum,
383 2767 488 2819 totum
507 2766 562 2817 vas
585 2742 818 2835 implentiumt·
833 2742 969 2812 decursu
990 2742 1118 2814 undoso
1140 2744 1300 2815 fulmineo
1323 2745 1519 2817 fluentium:
1544 2751 1723 2841 peniclllus'
1738 2754 1792 2829 lu·

261 2843 405 2915 minosus
433 2846 528 2913 etiam
547 2838 655 2913 err-F
674 2840 772 2921 exit,
797 2856 887 2908 ortus
907 2838 949 2910 ab
970 2836 1212 2922 eledttieit'ate,
1244 2862 1319 2931 qua
1346 2863 1467 2933 partem
1492 2843 1679 2931 inferiorern
1704 2855 1790 2925 reci·

260 2941 382 3031 pientis
404 2938 598 3035 ingreditur:
623 2934 662 3007 ln
678 2936 796 3007 ‘omnia
816 2930 888 3003 hec
907 2934 979 3005 vasa
1006 2936 1085 3007 ae're
1108 2956 1209 3023 vacua
1232 2935 1428 3010 eledlricitas
1451 2940 1725 3031 copiolifflme·&
1749 2948 1790 3022 li·

261 3040 399 3107 berrime
420 3032 556 3119 influit,
586 3031 710 3105 nullam
735 3030 788 3102 vel
814 3048 944 3121 parvam
965 3030 1137 3103 offendens
1159 3030 1395 3121 resistentiam,
1427 3038 1516 3108 unde
1540 3058 1627 3112 tanta
1652 3044 1787 3118 luminis

261 3136 359 3223 copia
373 3128 408 3201 &
423 3131 717 3220 clarina-parcius
734 3146 842 3197 autem
863 3126 1059 3201 extrinsecus
1077 3126 1290 3199 circumfluit:
1316 3132 1350 3201 Si
1373 3154 1454 3204 vero
1479 3135 1539 3206 adr
1562 3143 1703 3211 omnino
1725 3164 1785 3214 ex.

261 3228 392 3299 haustus
415 3248 485 3299 non
507 3224 575 3317 est,
600 3228 707 3297 minor
728 3222 776 3293 est
796 3222 922 3295 claritas
944 3219 981 3295 dt
1002 3226 1133 3317 parcior
1156 3224 1376 3300 eleelticitatis
1399 3230 1576 3325 ingressus,
1603 3232 1657 3307 sed
1681 3242 1785 3335 magis

261 3322 456 3397 extrinsecus
478 3316 725 3395 circumfluit&
749 3318 876 3405 allicit,
900 3320 979 3391 ideo
1005 3324 1174 3396 intubum
1201 3324 1488 3411 Barometrieum,
1521 3328 1613 3420 cujus
1637 3354 1712 3423 pars
1736 3336 1788 3407 su·

261 3442 373 3513 prema
393 3420 440 3490 cst
458 3420 637 3491 admodum
660 3418 717 3487 lon
778 3466 791 3499 ,
822 3411 859 3485 ἃ
882 3419 989 3507 probe
1012 3420 1091 3489 aere
1109 3442 1239 3506 vacua,
1258 3422 1447 3512 plurimum
1478 3423 1700 3503 eledlricitatis
1725 3453 1786 3523 per

258 3518 465 3589 Mercurium
492 3514 621 3585 influit:
653 3508 693 3580 de
751 3510 841 3579 lucc
865 3532 906 3579 ex
930 3514 999 3581 tubi
1020 3514 1146 3583 fomiee
1170 3518 1216 3585 ob
1248 3518 1414 3590 metallum
1438 3522 1623 3612 impolitum
1649 3528 1782 3601 evolare

260 3613 379 3706 polin,
405 3611 626 3682 vehementius
650 3610 684 3677 in
707 3626 824 3675 cavum
849 3605 920 3674 tubi
938 3606 1074 3687 inlluit,
1104 3608 1277 3680 clarissime·
1291 3612 1449 3707 fulgens,
1482 3619 1539 3686 ubi
1563 3618 1583 3689 ὲ
1604 3622 1784 3699 Mercurio

260 3710 430 3798 erumpit.;
465 3706 503 3777 ln
521 3726 627 3777 vacuo
648 3699 804 3789 scintillas
820 3703 1015 3792 crepitantes
1034 3703 1200 3775 auditione
1224 3726 1293 3777 non
1316 3710 1540 3799 percipiendas
1564 3736 1607 3785 ex
1630 3718 1689 3789 filo
1713 3742 1784 3793 me·

260 3805 370 3889 tallico
397 3807 432 3877 itt
454 3803 517 3875 alia
539 3820 680 3891 corpora
698 3796 930 3889 explodinott
955 3798 1046 3871 secus
1068 3820 1107 3869 ac
1131 3803 1165 3872 itt
1189 3804 1291 3890 aere,
1325 3804 1454 3877 tradidit
1479 3804 1682 3899 Cl.,Bofius
1706 3816 1783 3912 (c)

259 3922 302 3974 ex
322 3900 457 3973 corusco
474 3901 598 3971 lumine
617 3916 744 3969 tantum
765 3916 820 3987 eas
844 3892 1029 3991 colligens,
1052 3896 1241 3989 addensque
1264 3898 1297 3971 se
1315 3898 1408 3971 seille
1431 3922 1603 3995 eapermm
1627 3931 1696 3997 non
1721 3918 1782 3987 mi.

259 4018 375 4073 norem
406 3998 471 4069 vim
494 3992 726 4083 ‚eteuncttatta
745 3994 785 4065 in
810 4012 916 4065 vacuo
941 3989 1105 4077 suscitari,
1138 4016 1236 4086 quam
1261 3998 1299 4069 in
1318 3999 1424 4085 aere,
1456 4004 1578 4093 opinor
1600 4006 1783 4101 majorem,

259 4092 490 4187 &siphonem
502 4092 687 4186 capillatam
701 4089 824 4187 largam
842 4072 934 4161 fluidi
947 4092 1080 4184 copiam
1096 4094 1319 4167 transmittere.
1360 4094 1484 4170 Verum
1508 4098 1551 4172 de
1573 4102 1721 4195 pluribus
1744 4112 1781 4184 in

1500 4228 1781 4283 ....w

297 4396 738 4479 (tlllleditisclteltrafft-dts
760 4398 1005 4483 Wass'etafg-
1427 4446 1431 4453 .
1514 4448 1535 4459 ..
1633 4436 1637 4441 -

293 4483 354 4553 (bl
375 4478 480 4555 Sequel
503 4492 536 4538 to
559 4479 609 4539 tlte
630 4478 776 4555 Experim.
799 4479 836 4538 ol
853 4474 1008 4541 stemate
1025 4475 1272 4567 Accomtnttna
1287 4484 1580 4577 &Palmum
1602 4508 1633 4575 ς,
1655 4493 1684 4559 3
1708 4492 1780 4569 [ρῳ.

296 4560 351 4640 (ι)
371 4560 682 4625 commentantium
702 4554 740 4621 de
761 4556 1066 4640 maurepast.
1191 4622 1195 4629 .
1235 4596 1240 4605 ·
1298 4584 1325 4633 5.
1519 4594 1523 4599 ·

1152 4656 1286 4767 :Qua
