4282 5962
470 329 531 427 ‘52
648 308 760 399 DE
814 288 1408 389 C'ORPTOR'E-lN
1462 270 1856 415 &EN-ME

340 550 343 555 ·
474 524 546 582 mm
565 504 646 578 balls
663 499 706 574 dt·
720 499 990 572 fundamentum:
1030 510 1129 584 atque
1145 487 1348 562 attendendo
1368 490 1410 561 ad
1429 492 1586 564 attributa-
1600 543 1617 580 ,.
1640 517 1718 588 quae
1742 499 1896 574 abiner
1914 511 2016 605 cogi„

475 605 575 677 nando
590 604 620 672 se
635 599 765 690 rejicere
781 593 877 685 posse·
887 591 1104 683 opinabantur
1120 586 1285 680 superstite
1301 606 1407 658 tamen
1424 593 1571 681 corporis
1588 589 1692 680 idea,
1706 600 1958 673 terminabantur
1974 608 2017 676 int

474 699 673 774 Exteriore
690 745 702 780 ,
727 713 793 784 qua
809 693 911 761 etiam·
922 687 1062 780 tejedld,
1080 687 1231 776 corporis
1247 683 1320 756 idea
1337 683 1564 757 evanescebat:
1590 688 1667 761 ideo
1678 692 1906 768 concluserunt
1922 702 2012 771 Na·

477 813 589 870 turam
613 796 749 886 corporis
769 789 828 885 effe
841 792 876 862 in
900 786 1091 882 Exterrstortr
1102 786 1265 880 pqstam,
1289 802 1355 874 qua
1369 781 1444 855 data
1463 803 1583 875 corpus
1596 786 1744 860 austerae
1758 838 1778 875 ,.
1806 794 2015 883 quasublato

477 893 655 966 tolleretur.
1088 910 1092 921 ’
1373 909 1377 917 ·

492 1036 497 1051 ·
526 1007 560 1097 s.
585 1003 782 1079 CXXXlV.
815 1001 899 1076 llaec
921 1018 1096 1091 utcunque·
1118 1012 1212 1069 acuta
1239 993 1393 1068 sententia
1420 1017 1491 1069 non
1522 1018 1617 1071 meat
1634 1001 1907 1078 rbfficultatlbusr
1936 1031 2016 1084 nora

478 1107 566 1178 enim
591 1106 694 1175 modo
720 1099 847 1173 necesse
869 1099 934 1182 est,
968 1118 1044 1167 cum
1068 1092 1225 1165 Extenlio
1241 1092 1394 1164 ilamettu
1415 1097 1573 1187 corporis-
1588 1117 1719 1183 natum,
1743 1120 1780 1172 ut
1796 1104 1832 1174 srt
1845 1106 2016 1195 primum,

477 1200 576 1293 quod
590 1204 623 1272 in
641 1220 782 1291 corpore
799 1197 1012 1287 concipitur,
1045 1191 1104 1263 sed
1121 1210 1157 1261 ut
1181 1189 1313 1281 quando
1335 1192 1546 1280 concipitur,
1579 1193 1705 1288 semper
1720 1202 1922 1292 concipiatur
1933 1224 2013 1275 cor-

330 1330 336 1345 ·
407 1368 410 1372 ,
477 1320 566 1392 pus,
597 1298 687 1388 quod
708 1317 819 1368 verum
839 1315 907 1365 non
929 1289 1002 1375 eil,
1035 1309 1112 1360 cum
1132 1290 1216 1358 inter
1231 1306 1372 1378 corpora
1386 1306 1519 1358 remota·
1537 1292 1871 1385 concipiturspau'um
1891 1298 1943 1368 vel
1959 1297 2013 1370 di·

476 1394 591 1467 stantia
608 1394 764 1478 extensa,
789 1413 867 1484 quae
884 1408 1044 1479 corporea
1068 1382 1224 1470 nonest,
1248 1404 1311 1455 nec
1325 1391 1741 1490 utcoqrorea-ooncipiturs
1792 1411 1843 1464 2⁰.
1868 1391 2013 1466 Necesse

476 1489 557 1564 esset
572 1513 609 1563 ut
625 1491 781 1564 Extensro
800 1488 856 1557 soli
872 1486 1003 1574 corpori
1029 1500 1256 1572 competeret,
1287 1479 1380 1570 quod
1404 1501 1575 1552 erroneum
1592 1507 1605 1569 3
1639 1490 1714 1576 quia
1736 1490 1834 1560 etiarn
1855 1495 2016 1564 convenio

477 1587 592 1680 spatio.
645 1607 696 1680 φ.
722 1586 769 1657 Ut
792 1584 830 1656 sit
852 1583 1096 1653 lirndamentum
1113 1580 1261 1649 omnimn
1278 1577 1432 1662 illorum,
1459 1598 1537 1667 quae
1555 1585 1687 1672 corpori
1712 1583 1818 1657 insunt
1832 1581 1905 1671 ,.&
1925 1587 2016 1680 ejus·-

403 1705 406 1709 ’
477 1687 588 1769 modi,
614 1705 652 1754 ut
668 1705 710 1752 ex
724 1704 767 1753 eo
786 1704 847 1751 ceu
865 1678 1080 1750 fundamento
1101 1677 1219 1746 cunila
1237 1672 1339 1747 fluant
1362 1674 1548 1766 deducique
1565 1675 1906 1767 polimartributa&
1930 1705 2014 1777 pro-

475 1783 650 1876 prietates,
677 1781 768 1870 quod
789 1777 845 1849 soli
864 1775 1043 1848 extensoni
1062 1793 1130 1844 non
1146 1773 1321 1842 convenire
1346 1772 1481 1862 patebit.

526 1886 557 1987 ᾗ.
584 1888 771 1962 cxxxv,
790 1888 843 1960 lix
863 1887 993 1970 modo,
1012 1906 1081 1976 quo
1106 1904 1241 1955 examen
1258 1882 1686 1980 institurumal‘hilosopitis
1698 1890 1788 1981 suit,
1826 1896 1868 1966 ad
1884 1894 2018 1971 limen·-

475 1985 600 2059 stonem
624 1991 670 2060 uti
693 1990 833 2079 primum
850 1986 909 2058 vel.
919 1982 1068 2055 ultimum
1081 2000 1298 2073 peruenerunt
1311 2005 1327 2050 t.
1348 1978 1436 2059 Nam
1453 1985 1708 2078 contemplando
1722 1990 1856 2081 aliquod
1871 2014 2015 2086 corpus,

476 2079 514 2155 ἃ
532 2085 744 2157 abstraslione
755 2086 880 2157 ,mentis
901 2080 1078 2172 rejiciendo
1091 2098 1206 2151 omnes
1223 2080 1460 2169 proprietates,
1481 2102 1557 2171 quae
1573 2087 1706 2175 corpori
1721 2086 1845 2171 insunt,
1871 2111 2015 2181 excepta

473 2182 695 2270 extensione,
728 2184 936 2253 terminamur
962 2176 1094 2269 quidem
1120 2178 1159 2246 in.
1175 2173 1362 2248 extenfione
1376 2199 1397 2263 ς,
1431 2198 1550 2249 verum·
1566 2179 1630 2251 alio
1665 2182 1767 2255 modo
1791 2188 2010 2279 cogitationes

474 2278 647 2373 dirigendo
662 2278 876 2370 potuissemus
887 2276 1050 2348 tenninari
1070 2275 1112 2344 io.
1131 2270 1193 2343 alia
1217 2275 1440 2363 proprietate,
1466 2295 1544 2365 quae
1567 2275 1657 2347 simili
1683 2280 1754 2371 jure
1782 2298 1849 2355 tutu
1869 2280 2013 2357 statuen-

472 2373 519 2449 da
540 2374 625 2448 foret
640 2377 797 2467 corporis
814 2374 949 2447 Natura.
1000 2368 1134 2459 Corpus
1153 2369 1241 2437 enim
1268 2366 1386 2441 nullm
1407 2373 1596 2458 imponatur
1618 2379 1750 2458 manui,
1793 2375 1905 2445 claustr
1925 2399 2010 2445 ocu·

475 2468 685 2545 luseramus
704 2492 854 2562 corpus,
878 2466 960 2559 quia
969 2485 1101 2579 manum
1122 2464 1276 2575 grauitme
1294 2460 1448 2553 deprimit
1462 2484 1480 2532 t.
1492 2463 1570 2555 jam.
1585 2486 1660 2536 cum
1675 2466 1882 2541 Machanicis
1902 2490 2012 2543 totam.

474 2559 1103 2745 {illustrissimi
1122 2556 2012 2754 trististristisbillitslslslisll:

385 2788 388 2793 ·
473 2754 613 2830 eandem
634 2753 844 2823 retinebimus
856 2771 877 2833 3,
895 2767 971 2817 cum
993 2766 1108 2815 manus
1126 2765 1220 2833 aequa
1238 2745 1270 2814 vi
1287 2764 1327 2813 ac
1347 2766 1422 2816 ante
1443 2747 1675 2836 deprimatur,
1697 2753 1836 2828 adeo-ut
1857 2760 2007 2834 ultimum

474 2849 528 2927 uel
542 2845 784 2940 primumquod
807 2847 839 2916 in
862 2861 1004 2932 corpote
1026 2839 1144 2926 foret,
1190 2840 1326 2933 gravitas
1356 2843 1553 2914 inveniretur
1568 2892 1590 2930 „
1623 2847 1687 2936 qui
1711 2846 1831 2922 sublata
1853 2861 2012 2946 corporis

473 2946 550 3017 idea
567 2948 686 3036 periret
703 2966 717 3030 ς
760 2941 825 3035 qud
848 2938 951 3032 politi
972 2938 1119 3028 corporis
1135 2933 1214 3006 idea.
1226 2955 1420 3024 poneretur.»

523 3043 597 3119 Sed
613 3063 712 3115 nemo
725 3038 883 3115 Naturam
899 3037 1047 3127 torporis
1063 3035 1097 3104 in
1111 3029 1277 3105 Gravitate
1295 3030 1359 3100 eise
1375 3034 1509 3121 postam
1526 3035 1682 3107 affirmare
1701 3046 1823 3129 poterit
1834 3045 1903 3115 ullo
1917 3047 2010 3139 jure,

475 3161 553 3218 cnm
566 3164 608 3214 ex
626 3143 778 3238 gravitate
793 3133 955 3211 nonfluat
972 3131 1157 3215 Extenso,
1175 3124 1479 3213 soliditas,lnettia
1496 3125 1563 3204 dte.
1580 3154 1661 3229 ergo
1675 3138 1880 3213 etiamfimili
1900 3145 2006 3223 modo

475 3230 1100 3416 norgopoffirtrgnphtgnkrgrn{iltietggpp'nefi‚
1125 3321 1288 3395 sedetiam
1307 3320 1408 3417 spatio
1421 3327 1597 3416 competit..
1964 3378 1968 3383 -

528 3438 577 3522 3⁰.
605 3428 658 3499 Ex
683 3426 952 3499 extensionem
969 3421 1041 3493 fluit
1055 3418 1235 3507 Solidior,
1252 3417 1395 3503 laertia,
1408 3419 1600 3509 Mobilitas,
1624 3445 1687 3497 nec
1701 3425 1837 3522 reiquae
1856 3438 2011 3526 proprie*

476 3547 580 3609 tutes,
605 3548 679 3617 quae
700 3525 832 3615 corpori
850 3522 948 3593 omni
967 3518 1097 3591 insunt:
1123 3538 1197 3608 quae
1213 3536 1320 3587 tamen
1341 3516 1634 3592 inde-deducendae
1649 3520 1787 3610 forent,
1810 3530 1910 3601 veluti
1927 3531 2005 3602 lila-

474 3624 638 3699 thematici
657 3644 697 3698 ert
711 3619 843 3695 Natura,
858 3615 1026 3713 Trianguli
1048 3608 1084 3685 dt
1107 3612 1233 3689 Circuli
1258 3615 1369 3689 onnia
1389 3614 1574 3713 colligtmt,
1605 3640 1680 3710 quae
1704 3622 1747 3693 de
1768 3624 2005 3723 Triangulo&
2046 3714 2054 3719 ,

473 3720 615 3801 circulo
630 3741 774 3813 unquam
795 3733 1032 3815 cognoverunt.

523 3858 555 3960 §t
582 3851 785 3933 CXXXVI.
802 3851 927 3924 lisdem·
950 3846 1188 3921 difficultatibus
1208 3851 1565 3941 premuntur-oliorum
1580 3846 1864 3945 Philosophorum
1873 3855 2007 3933 sentcn-

476 3964 562 4042 tiae,
594 3957 712 4046 quibus
742 3950 868 4020 Natura
888 3949 1036 4037 corporis
1058 3945 1142 4015 ditia
1167 3945 1228 4018 fuit
1254 3950 1425 4021 confistere
1448 3951 1482 4018 in
1506 3949 1698 4041 Extenstone
1717 3951 1853 4043 Subdu,
1884 3972 1945 4028 aut
1966 3963 2011 4033 ira

474 4057 696 4150 Extenstrrre,
723 4050 772 4124 Vr·
797 4049 949 4133 inertie,
984 4042 1029 4123 δὲ
1044 4042 1181 4115 Vir-ibus
1203 4046 1416 4121 Marricr'bar.
1468 4040 1636 4139 Quoniam
1653 4064 1697 4117 ex
1715 4045 1765 4118 his
1787 4049 1911 4143 reliqua
1930 4076 2009 4130 cor·

474 4170 593 4242 porum
610 4148 759 4221 attributa
777 4143 874 4213 nullo.
885 4139 988 4212 modo
1002 4137 1125 4224 fluunt,
1150 4161 1212 4213 nec
1228 4142 1345 4216 deduci
1360 4142 1500 4237 poliunt.

525 4279 555 4377 ς.
583 4276 796 4351 cxxxvii.
821 4273 963 4347 Proinde
984 4275 1005 4344 st
1024 4271 1149 4347 Natura
1167 4276 1204 4347 stt
1222 4300 1322 4348 unum
1339 4274 1493 4368 aliquod,
1519 4297 1588 4367 quo
1600 4276 1706 4366 polito
1718 4301 1837 4373 corpus
1855 4288 2002 4374 ponitur,-

475 4400 546 4473 quo
564 4376 687 4446 sublato
704 4375 827 4445 tollitur
843 4395 853 4443 t
884 4371 1048 4442 fatendum
1066 4372 1163 4444 estid
1181 4373 1244 4445 liuc
1262 4395 1367 4463 usque
1383 4375 1535 4470 ignorari:
1585 4372 1630 4444 st·
1637 4374 1728 4464 plura
1745 4377 1864 4449 fuerint
1879 4430 1891 4467 ‚
1926 4404 2003 4474 quae

477 4495 622 4551 naturam
640 4471 802 4554 efficiunt,
827 4490 934 4559 neque
946 4489 990 4538 ea·
1001 4470 1252 4564 cognolbuntur.
1301 4468 1477 4567 Quoniam
1494 4472 1593 4568 igitur
1615 4469 1741 4546 Natura
1757 4495 1932 4566 corporum
1953 4482 2006 4555 elb

477 4572 664 4675 incognita,
688 4568 847 4644 adoran
862 4567 1104 4665 ignorabimus,
1129 4569 1290 4669 oli-quun
1312 4568 1396 4651 datae
1410 4568 1567 4671 quadan
1584 4574 1934 4748 proprietateainunt:1
1940 4598 2004 4649 eo·

477 4714 481 4719 ·
932 4737 934 4741 -
1934 4693 2012 4752 ems
