<?xml version="1.0" encoding="UTF-8"?>
<!DOCTYPE html PUBLIC "-//W3C//DTD XHTML 1.0 Transitional//EN"
    "http://www.w3.org/TR/xhtml1/DTD/xhtml1-transitional.dtd">
<html xmlns="http://www.w3.org/1999/xhtml" xml:lang="en" lang="en">
 <head>
  <title>
</title>
<meta http-equiv="Content-Type" content="text/html;charset=utf-8" />
  <meta name='ocr-system' content='tesseract 3.04.00' />
  <meta name='ocr-capabilities' content='ocr_page ocr_carea ocr_par ocr_line ocrx_word'/>
</head>
<body>
  <div class='ocr_page' id='page_1' title='image "./introductioadph01lulogoog_0051.png"; bbox 0 0 4282 5962; ppageno 0'>
   <div class='ocr_carea' id='block_1_1' title="bbox 297 226 1714 405">
    <p class='ocr_par' dir='ltr' id='par_1_1' title="bbox 297 226 1714 405">
     <span class='ocr_line' id='line_1_1' title="bbox 297 226 1714 405; baseline -0.018 -19"><span class='ocrx_word' id='word_1_1' title='bbox 297 226 431 405; x_wconf 65' lang='lat' dir='ltr'>au:</span> <span class='ocrx_word' id='word_1_2' title='bbox 546 268 1440 376; x_wconf 75' lang='lat' dir='ltr'>·‹nu·rn1nosoartrn÷</span> <span class='ocrx_word' id='word_1_3' title='bbox 1628 352 1714 361; x_wconf 85' lang='grc'><strong>,</strong></span> 
     </span>
    </p>
   </div>
   <div class='ocr_carea' id='block_1_2' title="bbox 212 471 1850 1163">
    <p class='ocr_par' dir='ltr' id='par_1_2' title="bbox 314 471 1845 584">
     <span class='ocr_line' id='line_1_2' title="bbox 314 471 1845 584; baseline -0.02 -19"><span class='ocrx_word' id='word_1_4' title='bbox 314 491 335 539; x_wconf 83' lang='grc'>·’</span> <span class='ocrx_word' id='word_1_5' title='bbox 346 489 415 569; x_wconf 81' lang='lat' dir='ltr'>Sed</span> <span class='ocrx_word' id='word_1_6' title='bbox 430 486 467 563; x_wconf 80' lang='lat' dir='ltr'>u</span> <span class='ocrx_word' id='word_1_7' title='bbox 477 485 603 560; x_wconf 76' lang='lat' dir='ltr'>deliciis</span> <span class='ocrx_word' id='word_1_8' title='bbox 616 502 656 557; x_wconf 77' lang='lat' dir='ltr'>rc</span> <span class='ocrx_word' id='word_1_9' title='bbox 671 475 783 577; x_wconf 67' lang='lat' dir='ltr'>pelet)</span> <span class='ocrx_word' id='word_1_10' title='bbox 806 477 922 552; x_wconf 78' lang='lat' dir='ltr'>srervire</span> <span class='ocrx_word' id='word_1_11' title='bbox 940 489 1077 549; x_wconf 77' lang='lat' dir='ltr'>conanus</span> <span class='ocrx_word' id='word_1_12' title='bbox 1092 473 1153 546; x_wconf 91' lang='lat' dir='ltr'>suit</span> <span class='ocrx_word' id='word_1_13' title='bbox 1168 472 1388 549; x_wconf 81' lang='lat' dir='ltr'>Reeumuriue</span> <span class='ocrx_word' id='word_1_14' title='bbox 1404 528 1417 566; x_wconf 89' lang='lat'>,</span> <span class='ocrx_word' id='word_1_15' title='bbox 1443 471 1714 581; x_wconf 57' lang='lat' dir='ltr'>cumkuzapm</span> <span class='ocrx_word' id='word_1_16' title='bbox 1729 490 1845 584; x_wconf 48' lang='lat' dir='ltr'>purgo,</span> 
     </span>
    </p>

    <p class='ocr_par' dir='ltr' id='par_1_3' title="bbox 212 570 1854 1163">
     <span class='ocr_line' id='line_1_3' title="bbox 300 570 1774 696; baseline -0.005 -30"><span class='ocrx_word' id='word_1_17' title='bbox 300 592 499 696; x_wconf 75' lang='lat' dir='ltr'><strong>gallinaceos</strong></span> <span class='ocrx_word' id='word_1_18' title='bbox 516 605 559 656; x_wconf 86' lang='lat' dir='ltr'>cx</span> <span class='ocrx_word' id='word_1_19' title='bbox 582 585 653 654; x_wconf 88' lang='lat' dir='ltr'>ovis</span> <span class='ocrx_word' id='word_1_20' title='bbox 671 578 802 653; x_wconf 81' lang='lat' dir='ltr'>excludi</span> <span class='ocrx_word' id='word_1_21' title='bbox 816 574 909 669; x_wconf 78' lang='lat' dir='ltr'>pone</span> <span class='ocrx_word' id='word_1_22' title='bbox 925 575 992 646; x_wconf 89' lang='lat' dir='ltr'>simi</span> <span class='ocrx_word' id='word_1_23' title='bbox 1009 573 1120 663; x_wconf 87' lang='lat' dir='ltr'>equini</span> <span class='ocrx_word' id='word_1_24' title='bbox 1141 570 1230 657; x_wconf 86' lang='lat' dir='ltr'>fotu,</span> <span class='ocrx_word' id='word_1_25' title='bbox 1257 574 1439 649; x_wconf 72' lang='lat' dir='ltr'>inimitabili</span> <span class='ocrx_word' id='word_1_26' title='bbox 1455 582 1610 676; x_wconf 81' lang='lat' dir='ltr'>exemplo</span> <span class='ocrx_word' id='word_1_27' title='bbox 1626 586 1751 659; x_wconf 84' lang='lat' dir='ltr'>docuit·</span> <span class='ocrx_word' id='word_1_28' title='bbox 1770 602 1774 607; x_wconf 83' lang='grc'><em>·</em></span> 
     </span>
     <span class='ocr_line' id='line_1_4' title="bbox 355 668 1848 784; baseline -0.001 -26"><span class='ocrx_word' id='word_1_29' title='bbox 355 712 404 784; x_wconf 82' lang='lat'>3⁰·</span> <span class='ocrx_word' id='word_1_30' title='bbox 430 684 562 758; x_wconf 85' lang='lat' dir='ltr'>Utilitas</span> <span class='ocrx_word' id='word_1_31' title='bbox 578 678 729 770; x_wconf 80' lang='lat' dir='ltr'>Phyficae</span> <span class='ocrx_word' id='word_1_32' title='bbox 741 693 830 770; x_wconf 80' lang='lat' dir='ltr'>peret</span> <span class='ocrx_word' id='word_1_33' title='bbox 847 677 881 744; x_wconf 94' lang='lat' dir='ltr'>in</span> <span class='ocrx_word' id='word_1_34' title='bbox 894 673 1083 744; x_wconf 89' lang='lat' dir='ltr'>inventione</span> <span class='ocrx_word' id='word_1_35' title='bbox 1098 668 1358 774; x_wconf 76' lang='lat' dir='ltr'>Machinmum,</span> <span class='ocrx_word' id='word_1_36' title='bbox 1391 678 1509 768; x_wconf 90' lang='lat' dir='ltr'>quibus</span> <span class='ocrx_word' id='word_1_37' title='bbox 1531 680 1703 755; x_wconf 89' lang='lat' dir='ltr'>hominum</span> <span class='ocrx_word' id='word_1_38' title='bbox 1723 685 1848 757; x_wconf 85' lang='lat' dir='ltr'>labori-</span> 
     </span>
     <span class='ocr_line' id='line_1_5' title="bbox 301 769 1847 874; baseline -0.006 -12"><span class='ocrx_word' id='word_1_39' title='bbox 301 794 362 864; x_wconf 87' lang='lat' dir='ltr'>bus</span> <span class='ocrx_word' id='word_1_40' title='bbox 381 786 592 857; x_wconf 84' lang='lat' dir='ltr'>auxiliamur:</span> <span class='ocrx_word' id='word_1_41' title='bbox 620 776 810 849; x_wconf 81' lang='lat' dir='ltr'>Meclnnici</span> <span class='ocrx_word' id='word_1_42' title='bbox 832 772 920 842; x_wconf 88' lang='lat' dir='ltr'>enim</span> <span class='ocrx_word' id='word_1_43' title='bbox 942 769 1047 841; x_wconf 83' lang='lat' dir='ltr'>molus</span> <span class='ocrx_word' id='word_1_44' title='bbox 1069 769 1282 856; x_wconf 85' lang='lat' dir='ltr'>invenerunt,</span> <span class='ocrx_word' id='word_1_45' title='bbox 1307 790 1385 862; x_wconf 85' lang='lat' dir='ltr'>qnae</span> <span class='ocrx_word' id='word_1_46' title='bbox 1408 794 1522 867; x_wconf 84' lang='lat' dir='ltr'>aqua,</span> <span class='ocrx_word' id='word_1_47' title='bbox 1556 800 1687 867; x_wconf 84' lang='lat' dir='ltr'>vento,</span> <span class='ocrx_word' id='word_1_48' title='bbox 1718 787 1847 874; x_wconf 84' lang='lat' dir='ltr'>equis,</span> 
     </span>
     <span class='ocr_line' id='line_1_6' title="bbox 303 861 1850 970; baseline -0.014 -11"><span class='ocrx_word' id='word_1_49' title='bbox 303 889 413 961; x_wconf 77' lang='lat' dir='ltr'>aliisve</span> <span class='ocrx_word' id='word_1_50' title='bbox 443 879 635 954; x_wconf 79' lang='lat' dir='ltr'>animalibus</span> <span class='ocrx_word' id='word_1_51' title='bbox 661 877 851 970; x_wconf 76' lang='lat' dir='ltr'>agitantur,</span> <span class='ocrx_word' id='word_1_52' title='bbox 881 885 918 938; x_wconf 92' lang='lat' dir='ltr'>ut</span> <span class='ocrx_word' id='word_1_53' title='bbox 940 865 1042 940; x_wconf 83' lang='lat' dir='ltr'>multu</span> <span class='ocrx_word' id='word_1_54' title='bbox 1065 861 1102 935; x_wconf 83' lang='lat'>&amp;</span> <span class='ocrx_word' id='word_1_55' title='bbox 1121 866 1322 940; x_wconf 77' lang='lat' dir='ltr'>diversissima</span> <span class='ocrx_word' id='word_1_56' title='bbox 1342 891 1468 962; x_wconf 83' lang='lat' dir='ltr'>opem,</span> <span class='ocrx_word' id='word_1_57' title='bbox 1492 875 1572 951; x_wconf 77' lang='lat' dir='ltr'>olim</span> <span class='ocrx_word' id='word_1_58' title='bbox 1594 880 1637 951; x_wconf 72' lang='lat' dir='ltr'>ab</span> <span class='ocrx_word' id='word_1_59' title='bbox 1656 870 1850 952; x_wconf 66' lang='lat' dir='ltr'>hominibus</span> 
     </span>
     <span class='ocr_line' id='line_1_7' title="bbox 212 961 1594 1163; baseline -0.007 -8"><span class='ocrx_word' id='word_1_60' title='bbox 212 996 215 1001; x_wconf 80' lang='grc'><em>·</em></span> <span class='ocrx_word' id='word_1_61' title='bbox 304 962 1207 1159; x_wconf 62' lang='lat' dir='ltr'>ttttrlitniiin{insistenti</span> <span class='ocrx_word' id='word_1_62' title='bbox 1231 961 1594 1163; x_wconf 64' lang='lat' dir='ltr'>inmuni</span> 
     </span>
     <span class='ocr_line' id='line_1_8' title="bbox 1213 1112 1850 1160; baseline -0.005 3"><span class='ocrx_word' id='word_1_63' title='bbox 1213 1112 1229 1150; x_wconf 75' lang='lat'>⁵</span> <span class='ocrx_word' id='word_1_64' title='bbox 1831 1124 1850 1160; x_wconf 72' lang='lat' dir='ltr'>e</span> 
     </span>
    </p>
   </div>
   <div class='ocr_carea' id='block_1_3' title="bbox 247 1156 1887 4387">
    <p class='ocr_par' dir='ltr' id='par_1_4' title="bbox 306 1156 1854 1363">
     <span class='ocr_line' id='line_1_9' title="bbox 306 1156 1854 1363; baseline -0.005 -15"><span class='ocrx_word' id='word_1_65' title='bbox 306 1201 386 1350; x_wconf 73' lang='lat' dir='ltr'>iil</span> <span class='ocrx_word' id='word_1_66' title='bbox 397 1156 1184 1351; x_wconf 55' lang='lat' dir='ltr'>pilisini”suiiii‘l‘lnhiima</span> <span class='ocrx_word' id='word_1_67' title='bbox 1201 1161 1646 1340; x_wconf 52' lang='lat' dir='ltr'>lihirffi‘hihl</span> <span class='ocrx_word' id='word_1_68' title='bbox 1666 1174 1706 1341; x_wconf 76' lang='lat' dir='ltr'>ii</span> <span class='ocrx_word' id='word_1_69' title='bbox 1721 1171 1854 1363; x_wconf 57' lang='lat' dir='ltr'>iiiia</span> 
     </span>
     <span class='ocr_line' id='line_1_10' title="bbox 650 1308 1212 1348; baseline 0 -18"><span class='ocrx_word' id='word_1_70' title='bbox 650 1313 662 1348; x_wconf 89' lang='lat'>‚</span> <span class='ocrx_word' id='word_1_71' title='bbox 1202 1308 1212 1330; x_wconf 88' lang='lat'><strong>.</strong></span> 
     </span>
    </p>

    <p class='ocr_par' dir='ltr' id='par_1_5' title="bbox 247 1350 1887 2434">
     <span class='ocr_line' id='line_1_11' title="bbox 265 1350 1853 1465; baseline -0.003 -24"><span class='ocrx_word' id='word_1_72' title='bbox 265 1425 267 1428; x_wconf 44' lang='lat'>&lt;</span> <span class='ocrx_word' id='word_1_73' title='bbox 307 1391 447 1465; x_wconf 82' lang='lat' dir='ltr'>mugnus</span> <span class='ocrx_word' id='word_1_74' title='bbox 474 1365 520 1437; x_wconf 87' lang='lat' dir='ltr'>eil</span> <span class='ocrx_word' id='word_1_75' title='bbox 536 1381 690 1433; x_wconf 87' lang='lat' dir='ltr'>numerus</span> <span class='ocrx_word' id='word_1_76' title='bbox 709 1410 723 1449; x_wconf 92' lang='lat'>,</span> <span class='ocrx_word' id='word_1_77' title='bbox 748 1358 850 1430; x_wconf 83' lang='lat' dir='ltr'>Sertis</span> <span class='ocrx_word' id='word_1_78' title='bbox 867 1356 954 1455; x_wconf 84' lang='lat' dir='ltr'>ligna</span> <span class='ocrx_word' id='word_1_79' title='bbox 969 1358 1004 1428; x_wconf 90' lang='lat' dir='ltr'>in</span> <span class='ocrx_word' id='word_1_80' title='bbox 1025 1355 1132 1429; x_wconf 79' lang='lat' dir='ltr'>nubes</span> <span class='ocrx_word' id='word_1_81' title='bbox 1148 1350 1184 1428; x_wconf 89' lang='lat'>&amp;</span> <span class='ocrx_word' id='word_1_82' title='bbox 1198 1355 1314 1430; x_wconf 81' lang='lat' dir='ltr'>asseres</span> <span class='ocrx_word' id='word_1_83' title='bbox 1324 1357 1495 1433; x_wconf 69' lang='lat' dir='ltr'>ucantun</span> <span class='ocrx_word' id='word_1_84' title='bbox 1520 1366 1557 1437; x_wconf 87' lang='lat' dir='ltr'>in</span> <span class='ocrx_word' id='word_1_85' title='bbox 1571 1367 1690 1440; x_wconf 78' lang='lat' dir='ltr'>crustas</span> <span class='ocrx_word' id='word_1_86' title='bbox 1706 1386 1853 1439; x_wconf 84' lang='lat' dir='ltr'>marmo-</span> 
     </span>
     <span class='ocr_line' id='line_1_12' title="bbox 307 1451 1854 1555; baseline -0.005 -14"><span class='ocrx_word' id='word_1_87' title='bbox 307 1491 365 1542; x_wconf 81' lang='lat' dir='ltr'>ru:</span> <span class='ocrx_word' id='word_1_88' title='bbox 393 1465 499 1538; x_wconf 85' lang='lat' dir='ltr'>Molis</span> <span class='ocrx_word' id='word_1_89' title='bbox 510 1514 520 1545; x_wconf 91' lang='lat'>,</span> <span class='ocrx_word' id='word_1_90' title='bbox 532 1461 640 1555; x_wconf 83' lang='lat' dir='ltr'>gravia</span> <span class='ocrx_word' id='word_1_91' title='bbox 655 1457 722 1550; x_wconf 85' lang='lat' dir='ltr'>pila</span> <span class='ocrx_word' id='word_1_92' title='bbox 739 1459 772 1528; x_wconf 89' lang='lat' dir='ltr'>in</span> <span class='ocrx_word' id='word_1_93' title='bbox 793 1455 895 1529; x_wconf 85' lang='lat' dir='ltr'>altum</span> <span class='ocrx_word' id='word_1_94' title='bbox 911 1453 1101 1526; x_wconf 81' lang='lat' dir='ltr'>tollentibus</span> <span class='ocrx_word' id='word_1_95' title='bbox 1114 1451 1151 1526; x_wconf 75' lang='grc' dir='ltr'>δι</span> <span class='ocrx_word' id='word_1_96' title='bbox 1166 1453 1346 1528; x_wconf 79' lang='lat' dir='ltr'>laxantibus</span> <span class='ocrx_word' id='word_1_97' title='bbox 1360 1461 1493 1551; x_wconf 82' lang='lat' dir='ltr'>punnia</span> <span class='ocrx_word' id='word_1_98' title='bbox 1513 1460 1693 1539; x_wconf 83' lang='lat' dir='ltr'>firllonibus</span> <span class='ocrx_word' id='word_1_99' title='bbox 1714 1463 1854 1536; x_wconf 75' lang='lat' dir='ltr'>densan-</span> 
     </span>
     <span class='ocr_line' id='line_1_13' title="bbox 308 1551 1887 1652; baseline -0.004 -14"><span class='ocrx_word' id='word_1_100' title='bbox 308 1589 379 1638; x_wconf 89' lang='lat' dir='ltr'>tut:</span> <span class='ocrx_word' id='word_1_101' title='bbox 406 1586 447 1635; x_wconf 87' lang='lat' dir='ltr'>ex</span> <span class='ocrx_word' id='word_1_102' title='bbox 463 1564 553 1634; x_wconf 86' lang='lat' dir='ltr'>terris</span> <span class='ocrx_word' id='word_1_103' title='bbox 572 1554 748 1629; x_wconf 84' lang='lat' dir='ltr'>humilibus</span> <span class='ocrx_word' id='word_1_104' title='bbox 762 1553 953 1625; x_wconf 88' lang='lat' dir='ltr'>hauriuntur</span> <span class='ocrx_word' id='word_1_105' title='bbox 971 1572 1070 1644; x_wconf 81' lang='lat' dir='ltr'>aquae</span> <span class='ocrx_word' id='word_1_106' title='bbox 1085 1551 1156 1625; x_wconf 82' lang='lat' dir='ltr'>aliis</span> <span class='ocrx_word' id='word_1_107' title='bbox 1170 1553 1330 1626; x_wconf 76' lang='lat' dir='ltr'>nolarum</span> <span class='ocrx_word' id='word_1_108' title='bbox 1353 1559 1556 1652; x_wconf 70' lang='lat' dir='ltr'>genermus,</span> <span class='ocrx_word' id='word_1_109' title='bbox 1593 1562 1652 1635; x_wconf 83' lang='lat' dir='ltr'>elis</span> <span class='ocrx_word' id='word_1_110' title='bbox 1669 1564 1855 1647; x_wconf 70' lang='lat' dir='ltr'>instruitis,</span> <span class='ocrx_word' id='word_1_111' title='bbox 1879 1566 1887 1589; x_wconf 90' lang='lat'>&#39;</span> 
     </span>
     <span class='ocr_line' id='line_1_14' title="bbox 310 1645 1855 1745; baseline -0.003 -9"><span class='ocrx_word' id='word_1_112' title='bbox 310 1656 508 1736; x_wconf 82' lang='lat' dir='ltr'>&amp;cochleis</span> <span class='ocrx_word' id='word_1_113' title='bbox 524 1655 752 1739; x_wconf 80' lang='lat' dir='ltr'>Archimedis,</span> <span class='ocrx_word' id='word_1_114' title='bbox 767 1645 906 1723; x_wconf 88' lang='lat' dir='ltr'>multum</span> <span class='ocrx_word' id='word_1_115' title='bbox 922 1649 1103 1722; x_wconf 81' lang='lat' dir='ltr'>emendatis</span> <span class='ocrx_word' id='word_1_116' title='bbox 1122 1649 1185 1723; x_wconf 84' lang='lat' dir='ltr'>huc</span> <span class='ocrx_word' id='word_1_117' title='bbox 1201 1652 1424 1744; x_wconf 69' lang='lat' dir='ltr'>tempestates</span> <span class='ocrx_word' id='word_1_118' title='bbox 1440 1655 1644 1731; x_wconf 82' lang='lat' dir='ltr'>solertissimis</span> <span class='ocrx_word' id='word_1_119' title='bbox 1654 1660 1855 1745; x_wconf 83' lang='lat' dir='ltr'>artificibus,</span> 
     </span>
     <span class='ocr_line' id='line_1_15' title="bbox 311 1742 1856 1844; baseline -0.005 -9"><span class='ocrx_word' id='word_1_120' title='bbox 311 1784 355 1835; x_wconf 83' lang='lat' dir='ltr'>ex</span> <span class='ocrx_word' id='word_1_121' title='bbox 379 1758 567 1842; x_wconf 85' lang='lat' dir='ltr'>cuniculis,</span> <span class='ocrx_word' id='word_1_122' title='bbox 603 1751 783 1823; x_wconf 82' lang='lat' dir='ltr'>&amp;fodinis</span> <span class='ocrx_word' id='word_1_123' title='bbox 809 1752 843 1820; x_wconf 93' lang='lat' dir='ltr'>in</span> <span class='ocrx_word' id='word_1_124' title='bbox 868 1747 970 1818; x_wconf 88' lang='lat' dir='ltr'>altum</span> <span class='ocrx_word' id='word_1_125' title='bbox 998 1742 1181 1820; x_wconf 84' lang='lat' dir='ltr'>efferuntur</span> <span class='ocrx_word' id='word_1_126' title='bbox 1201 1770 1299 1842; x_wconf 82' lang='lat' dir='ltr'>nquae</span> <span class='ocrx_word' id='word_1_127' title='bbox 1323 1800 1336 1839; x_wconf 90' lang='lat'>,</span> <span class='ocrx_word' id='word_1_128' title='bbox 1364 1753 1560 1842; x_wconf 82' lang='lat' dir='ltr'>mineralie,</span> <span class='ocrx_word' id='word_1_129' title='bbox 1591 1754 1814 1830; x_wconf 84' lang='lat' dir='ltr'>Lithantruces</span> <span class='ocrx_word' id='word_1_130' title='bbox 1840 1807 1856 1844; x_wconf 86' lang='lat'>,</span> 
     </span>
     <span class='ocr_line' id='line_1_16' title="bbox 312 1845 1855 1948; baseline -0.003 -17"><span class='ocrx_word' id='word_1_131' title='bbox 312 1858 408 1933; x_wconf 83' lang='lat' dir='ltr'>Salia.</span> <span class='ocrx_word' id='word_1_132' title='bbox 425 1858 488 1928; x_wconf 81' lang='lat' dir='ltr'>Ars</span> <span class='ocrx_word' id='word_1_133' title='bbox 505 1852 671 1925; x_wconf 85' lang='lat' dir='ltr'>machinas</span> <span class='ocrx_word' id='word_1_134' title='bbox 687 1851 832 1933; x_wconf 90' lang='lat' dir='ltr'>invenit,</span> <span class='ocrx_word' id='word_1_135' title='bbox 848 1845 969 1938; x_wconf 88' lang='lat' dir='ltr'>quibus</span> <span class='ocrx_word' id='word_1_136' title='bbox 985 1866 1084 1938; x_wconf 81' lang='lat' dir='ltr'>parva</span> <span class='ocrx_word' id='word_1_137' title='bbox 1100 1848 1130 1918; x_wconf 91' lang='lat' dir='ltr'>vi</span> <span class='ocrx_word' id='word_1_138' title='bbox 1146 1849 1289 1943; x_wconf 86' lang='lat' dir='ltr'>ingentia</span> <span class='ocrx_word' id='word_1_139' title='bbox 1304 1868 1406 1921; x_wconf 87' lang='lat' dir='ltr'>onera</span> <span class='ocrx_word' id='word_1_140' title='bbox 1419 1872 1610 1941; x_wconf 80' lang='lat' dir='ltr'>movemus,</span> <span class='ocrx_word' id='word_1_141' title='bbox 1622 1876 1678 1927; x_wconf 83' lang='lat' dir='ltr'>eut</span> <span class='ocrx_word' id='word_1_142' title='bbox 1693 1858 1855 1948; x_wconf 82' lang='lat' dir='ltr'>inquam·</span> 
     </span>
     <span class='ocr_line' id='line_1_17' title="bbox 247 1945 1856 2049; baseline -0.002 -21"><span class='ocrx_word' id='word_1_143' title='bbox 247 1956 251 1963; x_wconf 84' lang='lat'>&#39;</span> <span class='ocrx_word' id='word_1_144' title='bbox 310 1977 444 2047; x_wconf 88' lang='lat' dir='ltr'>cunque</span> <span class='ocrx_word' id='word_1_145' title='bbox 459 1952 661 2025; x_wconf 77' lang='lat' dir='ltr'>altitudinem</span> <span class='ocrx_word' id='word_1_146' title='bbox 680 1946 844 2028; x_wconf 88' lang='lat' dir='ltr'>tollimus,</span> <span class='ocrx_word' id='word_1_147' title='bbox 858 1962 929 2014; x_wconf 88' lang='lat' dir='ltr'>turn</span> <span class='ocrx_word' id='word_1_148' title='bbox 943 1963 1049 2035; x_wconf 82' lang='lat' dir='ltr'>nuper</span> <span class='ocrx_word' id='word_1_149' title='bbox 1064 1945 1312 2036; x_wconf 82' lang='lat' dir='ltr'>compendiosas</span> <span class='ocrx_word' id='word_1_150' title='bbox 1335 1950 1454 2039; x_wconf 86' lang='lat' dir='ltr'>reperit</span> <span class='ocrx_word' id='word_1_151' title='bbox 1467 1949 1589 2049; x_wconf 83' lang='lat' dir='ltr'>Anglia</span> <span class='ocrx_word' id='word_1_152' title='bbox 1602 1951 1749 2039; x_wconf 84' lang='lat' dir='ltr'>hslucus,</span> <span class='ocrx_word' id='word_1_153' title='bbox 1778 1953 1856 2045; x_wconf 87' lang='lat' dir='ltr'>qui·</span> 
     </span>
     <span class='ocr_line' id='line_1_18' title="bbox 313 2040 1859 2136; baseline 0 -12"><span class='ocrx_word' id='word_1_154' title='bbox 313 2057 376 2124; x_wconf 88' lang='lat' dir='ltr'>bus</span> <span class='ocrx_word' id='word_1_155' title='bbox 399 2053 486 2122; x_wconf 85' lang='lat' dir='ltr'>idem</span> <span class='ocrx_word' id='word_1_156' title='bbox 500 2048 620 2119; x_wconf 69' lang='lat' dir='ltr'>ntrnci</span> <span class='ocrx_word' id='word_1_157' title='bbox 637 2065 776 2136; x_wconf 89' lang='lat' dir='ltr'>quatuor</span> <span class='ocrx_word' id='word_1_158' title='bbox 792 2043 908 2134; x_wconf 80' lang='lat' dir='ltr'>equis,</span> <span class='ocrx_word' id='word_1_159' title='bbox 930 2062 1029 2133; x_wconf 80' lang='lat' dir='ltr'>quam</span> <span class='ocrx_word' id='word_1_160' title='bbox 1044 2040 1127 2113; x_wconf 90' lang='lat' dir='ltr'>olim</span> <span class='ocrx_word' id='word_1_161' title='bbox 1144 2062 1191 2134; x_wconf 80' lang='lat'>30</span> <span class='ocrx_word' id='word_1_162' title='bbox 1203 2048 1313 2136; x_wconf 82' lang='lat' dir='ltr'>operis</span> <span class='ocrx_word' id='word_1_163' title='bbox 1329 2045 1513 2136; x_wconf 83' lang='lat' dir='ltr'>ptaellutur.</span> <span class='ocrx_word' id='word_1_164' title='bbox 1538 2048 1710 2124; x_wconf 74' lang='lat' dir='ltr'>Muchinis</span> <span class='ocrx_word' id='word_1_165' title='bbox 1720 2053 1859 2124; x_wconf 86' lang='lat' dir='ltr'>Lemni·</span> 
     </span>
     <span class='ocr_line' id='line_1_19' title="bbox 312 2136 1865 2240; baseline -0.001 -19"><span class='ocrx_word' id='word_1_166' title='bbox 312 2150 357 2223; x_wconf 85' lang='lat' dir='ltr'>sci</span> <span class='ocrx_word' id='word_1_167' title='bbox 370 2151 500 2219; x_wconf 90' lang='lat' dir='ltr'>centeni</span> <span class='ocrx_word' id='word_1_168' title='bbox 520 2144 611 2214; x_wconf 76' lang='lat' dir='ltr'>innui</span> <span class='ocrx_word' id='word_1_169' title='bbox 635 2144 802 2217; x_wconf 84' lang='lat' dir='ltr'>celerrime</span> <span class='ocrx_word' id='word_1_170' title='bbox 828 2157 1002 2224; x_wconf 86' lang='lat' dir='ltr'>texuntur,</span> <span class='ocrx_word' id='word_1_171' title='bbox 1016 2158 1085 2210; x_wconf 88' lang='lat' dir='ltr'>tum</span> <span class='ocrx_word' id='word_1_172' title='bbox 1102 2136 1138 2209; x_wconf 77' lang='lat' dir='ltr'>dr</span> <span class='ocrx_word' id='word_1_173' title='bbox 1155 2138 1219 2211; x_wconf 88' lang='lat' dir='ltr'>levi</span> <span class='ocrx_word' id='word_1_174' title='bbox 1241 2140 1356 2214; x_wconf 80' lang='lat' dir='ltr'>labore</span> <span class='ocrx_word' id='word_1_175' title='bbox 1372 2140 1542 2233; x_wconf 74' lang='lat' dir='ltr'>libidis,</span> <span class='ocrx_word' id='word_1_176' title='bbox 1574 2146 1725 2239; x_wconf 80' lang='lat' dir='ltr'>iuncique</span> <span class='ocrx_word' id='word_1_177' title='bbox 1750 2149 1829 2240; x_wconf 88' lang='lat' dir='ltr'>pilei</span> <span class='ocrx_word' id='word_1_178' title='bbox 1841 2174 1865 2220; x_wconf 60' lang='grc' dir='ltr'>τ’</span> 
     </span>
     <span class='ocr_line' id='line_1_20' title="bbox 318 2236 1860 2338; baseline -0.001 -20"><span class='ocrx_word' id='word_1_179' title='bbox 318 2247 402 2319; x_wconf 86' lang='lat' dir='ltr'>Sunt</span> <span class='ocrx_word' id='word_1_180' title='bbox 420 2242 453 2315; x_wconf 79' lang='lat' dir='ltr'>bt</span> <span class='ocrx_word' id='word_1_181' title='bbox 470 2241 656 2338; x_wconf 79' lang='lat' dir='ltr'>Horologia</span> <span class='ocrx_word' id='word_1_182' title='bbox 671 2239 885 2335; x_wconf 85' lang='lat' dir='ltr'>Hugeniana,</span> <span class='ocrx_word' id='word_1_183' title='bbox 911 2236 1071 2308; x_wconf 80' lang='lat' dir='ltr'>mensurae</span> <span class='ocrx_word' id='word_1_184' title='bbox 1087 2240 1243 2330; x_wconf 84' lang='lat' dir='ltr'>temporis</span> <span class='ocrx_word' id='word_1_185' title='bbox 1258 2259 1451 2326; x_wconf 78' lang='lat' dir='ltr'>accurrere,</span> <span class='ocrx_word' id='word_1_186' title='bbox 1476 2242 1549 2316; x_wconf 92' lang='lat' dir='ltr'>sunt</span> <span class='ocrx_word' id='word_1_187' title='bbox 1566 2244 1767 2337; x_wconf 82' lang='lat' dir='ltr'>perspicilla,</span> <span class='ocrx_word' id='word_1_188' title='bbox 1787 2244 1860 2331; x_wconf 75' lang='lat' dir='ltr'>&#39;se-¹</span> 
     </span>
     <span class='ocr_line' id='line_1_21' title="bbox 317 2333 1814 2434; baseline -0.001 -18"><span class='ocrx_word' id='word_1_189' title='bbox 317 2342 491 2434; x_wconf 86' lang='lat' dir='ltr'>lescopia,</span> <span class='ocrx_word' id='word_1_190' title='bbox 518 2339 760 2429; x_wconf 76' lang='lat' dir='ltr'>lilictoscopia,</span> <span class='ocrx_word' id='word_1_191' title='bbox 786 2335 911 2407; x_wconf 81' lang='lat' dir='ltr'>Antliae</span> <span class='ocrx_word' id='word_1_192' title='bbox 928 2339 1150 2427; x_wconf 74' lang='lat' dir='ltr'>pneumatium</span> <span class='ocrx_word' id='word_1_193' title='bbox 1175 2333 1241 2407; x_wconf 79' lang='lat' dir='ltr'>uc.</span> <span class='ocrx_word' id='word_1_194' title='bbox 1255 2339 1423 2411; x_wconf 85' lang='lat' dir='ltr'>inventum</span> <span class='ocrx_word' id='word_1_195' title='bbox 1437 2339 1661 2430; x_wconf 71' lang='lat' dir='ltr'>Physconem.</span> <span class='ocrx_word' id='word_1_196' title='bbox 1804 2364 1814 2393; x_wconf 80' lang='grc'>··</span> 
     </span>
    </p>

    <p class='ocr_par' dir='ltr' id='par_1_6' title="bbox 314 2430 1870 4387">
     <span class='ocr_line' id='line_1_22' title="bbox 315 2430 1859 2531; baseline 0.002 -24"><span class='ocrx_word' id='word_1_197' title='bbox 315 2446 334 2487; x_wconf 80' lang='lat'>·&#39;</span> <span class='ocrx_word' id='word_1_198' title='bbox 367 2460 420 2529; x_wconf 74' lang='lat'>4⁰.</span> <span class='ocrx_word' id='word_1_199' title='bbox 447 2432 505 2507; x_wconf 84' lang='lat' dir='ltr'>Est</span> <span class='ocrx_word' id='word_1_200' title='bbox 528 2436 662 2522; x_wconf 75' lang='lat' dir='ltr'>Physica</span> <span class='ocrx_word' id='word_1_201' title='bbox 681 2435 860 2505; x_wconf 78' lang='lat' dir='ltr'>admodum</span> <span class='ocrx_word' id='word_1_202' title='bbox 880 2430 968 2502; x_wconf 87' lang='lat' dir='ltr'>utilis</span> <span class='ocrx_word' id='word_1_203' title='bbox 987 2432 1029 2502; x_wconf 83' lang='lat' dir='ltr'>ad</span> <span class='ocrx_word' id='word_1_204' title='bbox 1043 2452 1163 2504; x_wconf 75' lang='lat' dir='ltr'>omnes</span> <span class='ocrx_word' id='word_1_205' title='bbox 1181 2452 1265 2503; x_wconf 84' lang='lat' dir='ltr'>artes</span> <span class='ocrx_word' id='word_1_206' title='bbox 1287 2433 1446 2506; x_wconf 81' lang='lat' dir='ltr'>humanus</span> <span class='ocrx_word' id='word_1_207' title='bbox 1461 2436 1712 2531; x_wconf 82' lang='lat' dir='ltr'>intelligendas,</span> <span class='ocrx_word' id='word_1_208' title='bbox 1746 2436 1859 2531; x_wconf 83' lang='lat' dir='ltr'>expla-</span> 
     </span>
     <span class='ocr_line' id='line_1_23' title="bbox 314 2528 1863 2625; baseline 0.002 -20"><span class='ocrx_word' id='word_1_209' title='bbox 314 2535 464 2612; x_wconf 83' lang='lat' dir='ltr'>nandus,</span> <span class='ocrx_word' id='word_1_210' title='bbox 490 2533 755 2620; x_wconf 84' lang='lat' dir='ltr'>promovendas,</span> <span class='ocrx_word' id='word_1_211' title='bbox 777 2551 845 2594; x_wconf 83' lang='lat' dir='ltr'>non</span> <span class='ocrx_word' id='word_1_212' title='bbox 863 2532 951 2594; x_wconf 83' lang='lat' dir='ltr'>eninr</span> <span class='ocrx_word' id='word_1_213' title='bbox 965 2532 1037 2593; x_wconf 87' lang='lat' dir='ltr'>cito</span> <span class='ocrx_word' id='word_1_214' title='bbox 1046 2546 1131 2594; x_wconf 78' lang='lat' dir='ltr'>artes</span> <span class='ocrx_word' id='word_1_215' title='bbox 1154 2528 1365 2607; x_wconf 84' lang='lat' dir='ltr'>increscunt,</span> <span class='ocrx_word' id='word_1_216' title='bbox 1390 2534 1469 2616; x_wconf 83' lang='lat' dir='ltr'>quia</span> <span class='ocrx_word' id='word_1_217' title='bbox 1481 2532 1612 2617; x_wconf 75' lang='lat' dir='ltr'>plurimi</span> <span class='ocrx_word' id='word_1_218' title='bbox 1635 2538 1778 2625; x_wconf 86' lang='lat' dir='ltr'>operarii</span> <span class='ocrx_word' id='word_1_219' title='bbox 1789 2556 1863 2609; x_wconf 91' lang='lat' dir='ltr'>non</span> 
     </span>
     <span class='ocr_line' id='line_1_24' title="bbox 314 2613 1864 2723; baseline -0.01 -19"><span class='ocrx_word' id='word_1_220' title='bbox 314 2630 523 2723; x_wconf 83' lang='lat' dir='ltr'>intelligunt,</span> <span class='ocrx_word' id='word_1_221' title='bbox 546 2623 627 2714; x_wconf 88' lang='lat' dir='ltr'>quid</span> <span class='ocrx_word' id='word_1_222' title='bbox 649 2621 799 2702; x_wconf 81' lang='lat' dir='ltr'>iaciunt,</span> <span class='ocrx_word' id='word_1_223' title='bbox 831 2619 997 2705; x_wconf 78' lang='lat' dir='ltr'>antiquam</span> <span class='ocrx_word' id='word_1_224' title='bbox 1018 2619 1124 2688; x_wconf 88' lang='lat' dir='ltr'>modo</span> <span class='ocrx_word' id='word_1_225' title='bbox 1138 2613 1309 2709; x_wconf 83' lang='lat' dir='ltr'>sequentes</span> <span class='ocrx_word' id='word_1_226' title='bbox 1330 2623 1524 2697; x_wconf 84' lang='lat' dir='ltr'>methodum</span> <span class='ocrx_word' id='word_1_227' title='bbox 1537 2675 1553 2708; x_wconf 87' lang='lat'>,</span> <span class='ocrx_word' id='word_1_228' title='bbox 1582 2646 1715 2717; x_wconf 80' lang='lat' dir='ltr'>querna</span> <span class='ocrx_word' id='word_1_229' title='bbox 1730 2630 1864 2722; x_wconf 76' lang='lat' dir='ltr'>majori.</span> 
     </span>
     <span class='ocr_line' id='line_1_25' title="bbox 316 2713 1863 2819; baseline 0.002 -23"><span class='ocrx_word' id='word_1_230' title='bbox 316 2731 382 2803; x_wconf 79' lang='lat' dir='ltr'>hus</span> <span class='ocrx_word' id='word_1_231' title='bbox 399 2726 598 2797; x_wconf 76' lang='lat' dir='ltr'>didicemnte</span> <span class='ocrx_word' id='word_1_232' title='bbox 624 2719 689 2792; x_wconf 87' lang='lat' dir='ltr'>Alii</span> <span class='ocrx_word' id='word_1_233' title='bbox 708 2714 859 2812; x_wconf 84' lang='lat' dir='ltr'>religiose</span> <span class='ocrx_word' id='word_1_234' title='bbox 873 2713 1071 2800; x_wconf 81' lang='lat' dir='ltr'>occultunt,</span> <span class='ocrx_word' id='word_1_235' title='bbox 1094 2713 1251 2805; x_wconf 85' lang='lat' dir='ltr'>quicquid</span> <span class='ocrx_word' id='word_1_236' title='bbox 1275 2717 1489 2807; x_wconf 74' lang='lat' dir='ltr'>invenerunt,</span> <span class='ocrx_word' id='word_1_237' title='bbox 1513 2742 1586 2795; x_wconf 85' lang='lat' dir='ltr'>non</span> <span class='ocrx_word' id='word_1_238' title='bbox 1598 2724 1683 2795; x_wconf 81' lang='lat' dir='ltr'>mne</span> <span class='ocrx_word' id='word_1_239' title='bbox 1697 2724 1766 2798; x_wconf 79' lang='lat' dir='ltr'>suae</span> <span class='ocrx_word' id='word_1_240' title='bbox 1780 2748 1863 2819; x_wconf 85' lang='lat' dir='ltr'>pto·</span> 
     </span>
     <span class='ocr_line' id='line_1_26' title="bbox 316 2806 1862 2920; baseline -0.001 -25"><span class='ocrx_word' id='word_1_241' title='bbox 316 2827 491 2920; x_wconf 79' lang='lat' dir='ltr'>spidemes</span> <span class='ocrx_word' id='word_1_242' title='bbox 505 2818 664 2901; x_wconf 74' lang='lat' dir='ltr'>nntiuae,</span> <span class='ocrx_word' id='word_1_243' title='bbox 688 2814 723 2885; x_wconf 83' lang='lat' dir='ltr'>hi</span> <span class='ocrx_word' id='word_1_244' title='bbox 740 2834 849 2889; x_wconf 85' lang='lat' dir='ltr'>tamen</span> <span class='ocrx_word' id='word_1_245' title='bbox 872 2808 963 2903; x_wconf 84' lang='lat' dir='ltr'>saepe</span> <span class='ocrx_word' id='word_1_246' title='bbox 986 2808 1061 2904; x_wconf 86' lang='lat' dir='ltr'>plus</span> <span class='ocrx_word' id='word_1_247' title='bbox 1077 2807 1164 2882; x_wconf 85' lang='lat' dir='ltr'>casui</span> <span class='ocrx_word' id='word_1_248' title='bbox 1180 2806 1217 2882; x_wconf 77' lang='lat' dir='ltr'>dt</span> <span class='ocrx_word' id='word_1_249' title='bbox 1233 2809 1380 2890; x_wconf 73' lang='lat' dir='ltr'>fortune:</span> <span class='ocrx_word' id='word_1_250' title='bbox 1395 2815 1551 2903; x_wconf 82' lang='lat' dir='ltr'>debent,</span> <span class='ocrx_word' id='word_1_251' title='bbox 1571 2842 1673 2912; x_wconf 83' lang='lat' dir='ltr'>quent</span> <span class='ocrx_word' id='word_1_252' title='bbox 1694 2844 1784 2899; x_wconf 82' lang='lat' dir='ltr'>verae</span> <span class='ocrx_word' id='word_1_253' title='bbox 1801 2846 1862 2898; x_wconf 90' lang='lat' dir='ltr'>eo-</span> 
     </span>
     <span class='ocr_line' id='line_1_27' title="bbox 318 2906 1868 3021; baseline -0.005 -26"><span class='ocrx_word' id='word_1_254' title='bbox 318 2924 460 3021; x_wconf 72' lang='lat' dir='ltr'>gnitioni</span> <span class='ocrx_word' id='word_1_255' title='bbox 478 2919 578 2991; x_wconf 79' lang='lat' dir='ltr'>attis:</span> <span class='ocrx_word' id='word_1_256' title='bbox 612 2913 655 2986; x_wconf 86' lang='lat' dir='ltr'>V.</span> <span class='ocrx_word' id='word_1_257' title='bbox 676 2935 725 3010; x_wconf 88' lang='lat' dir='ltr'>gr.</span> <span class='ocrx_word' id='word_1_258' title='bbox 747 2912 916 2984; x_wconf 86' lang='lat' dir='ltr'>Coritrius</span> <span class='ocrx_word' id='word_1_259' title='bbox 938 2911 974 2980; x_wconf 88' lang='lat' dir='ltr'>in</span> <span class='ocrx_word' id='word_1_260' title='bbox 997 2906 1118 3006; x_wconf 75' lang='lat' dir='ltr'>Belgio</span> <span class='ocrx_word' id='word_1_261' title='bbox 1142 2910 1234 2981; x_wconf 79' lang='lat' dir='ltr'>cotie</span> <span class='ocrx_word' id='word_1_262' title='bbox 1257 2907 1463 2987; x_wconf 72' lang='lat' dir='ltr'>induamus</span> <span class='ocrx_word' id='word_1_263' title='bbox 1479 2965 1497 3002; x_wconf 79' lang='lat'>,</span> <span class='ocrx_word' id='word_1_264' title='bbox 1521 2916 1643 3008; x_wconf 85' lang='lat' dir='ltr'>pellem</span> <span class='ocrx_word' id='word_1_265' title='bbox 1671 2921 1747 3011; x_wconf 84' lang='lat' dir='ltr'>pilis</span> <span class='ocrx_word' id='word_1_266' title='bbox 1771 2927 1868 2998; x_wconf 63' lang='lat' dir='ltr'>varin</span> 
     </span>
     <span class='ocr_line' id='line_1_28' title="bbox 321 3006 1863 3104; baseline -0.003 -12"><span class='ocrx_word' id='word_1_267' title='bbox 321 3021 426 3092; x_wconf 89' lang='lat' dir='ltr'>modo</span> <span class='ocrx_word' id='word_1_268' title='bbox 451 3019 605 3090; x_wconf 83' lang='lat' dir='ltr'>nudatam</span> <span class='ocrx_word' id='word_1_269' title='bbox 623 3013 768 3086; x_wconf 84' lang='lat' dir='ltr'>immittit</span> <span class='ocrx_word' id='word_1_270' title='bbox 790 3006 888 3081; x_wconf 87' lang='lat' dir='ltr'>Rhoi</span> <span class='ocrx_word' id='word_1_271' title='bbox 910 3007 977 3079; x_wconf 81' lang='lat' dir='ltr'>uve</span> <span class='ocrx_word' id='word_1_272' title='bbox 1004 3008 1121 3079; x_wconf 89' lang='lat' dir='ltr'>cortici</span> <span class='ocrx_word' id='word_1_273' title='bbox 1133 3028 1272 3099; x_wconf 80' lang='lat' dir='ltr'>quercus</span> <span class='ocrx_word' id='word_1_274' title='bbox 1288 3011 1485 3081; x_wconf 75' lang='lat' dir='ltr'>commolito</span> <span class='ocrx_word' id='word_1_275' title='bbox 1499 3064 1517 3096; x_wconf 87' lang='lat'>,</span> <span class='ocrx_word' id='word_1_276' title='bbox 1544 3015 1622 3104; x_wconf 72' lang='lat' dir='ltr'>(in</span> <span class='ocrx_word' id='word_1_277' title='bbox 1642 3016 1794 3092; x_wconf 79' lang='lat' dir='ltr'>Calabria</span> <span class='ocrx_word' id='word_1_278' title='bbox 1825 3020 1863 3094; x_wconf 75' lang='lat' dir='ltr'>ua</span> 
     </span>
     <span class='ocr_line' id='line_1_29' title="bbox 318 3101 1864 3217; baseline -0.008 -27"><span class='ocrx_word' id='word_1_279' title='bbox 318 3117 452 3196; x_wconf 78' lang='lat' dir='ltr'>Etruria</span> <span class='ocrx_word' id='word_1_280' title='bbox 461 3114 549 3185; x_wconf 88' lang='lat' dir='ltr'>foliis</span> <span class='ocrx_word' id='word_1_281' title='bbox 559 3109 783 3203; x_wconf 81' lang='lat' dir='ltr'>Myrti,veluti</span> <span class='ocrx_word' id='word_1_282' title='bbox 795 3126 920 3178; x_wconf 81' lang='lat' dir='ltr'>veteres</span> <span class='ocrx_word' id='word_1_283' title='bbox 928 3101 1176 3189; x_wconf 84' lang='lat' dir='ltr'>Follisfruticis,</span> <span class='ocrx_word' id='word_1_284' title='bbox 1186 3123 1283 3193; x_wconf 83' lang='lat' dir='ltr'>quem</span> <span class='ocrx_word' id='word_1_285' title='bbox 1297 3101 1347 3196; x_wconf 69' lang='lat' dir='ltr'>is·</span> <span class='ocrx_word' id='word_1_286' title='bbox 1360 3103 1864 3217; x_wconf 47' lang='lat' dir='ltr'>umcoddtaeirvocabantffl)</span> 
     </span>
     <span class='ocr_line' id='line_1_30' title="bbox 323 3198 1864 3311; baseline 0.003 -26"><span class='ocrx_word' id='word_1_287' title='bbox 323 3219 487 3309; x_wconf 75' lang='lat' dir='ltr'>ponitque</span> <span class='ocrx_word' id='word_1_288' title='bbox 509 3211 641 3281; x_wconf 83' lang='lat' dir='ltr'>stmtunr</span> <span class='ocrx_word' id='word_1_289' title='bbox 665 3207 760 3297; x_wconf 85' lang='lat' dir='ltr'>super</span> <span class='ocrx_word' id='word_1_290' title='bbox 776 3204 911 3277; x_wconf 83' lang='lat' dir='ltr'>stratum</span> <span class='ocrx_word' id='word_1_291' title='bbox 925 3204 961 3272; x_wconf 84' lang='lat' dir='ltr'>in</span> <span class='ocrx_word' id='word_1_292' title='bbox 977 3219 1107 3294; x_wconf 80' lang='lat' dir='ltr'>puteo:</span> <span class='ocrx_word' id='word_1_293' title='bbox 1129 3198 1243 3290; x_wconf 72' lang='lat' dir='ltr'>elapsis</span> <span class='ocrx_word' id='word_1_294' title='bbox 1262 3200 1390 3291; x_wconf 83' lang='lat' dir='ltr'>aliquot</span> <span class='ocrx_word' id='word_1_295' title='bbox 1401 3202 1564 3276; x_wconf 77' lang='lat' dir='ltr'>meusibtu</span> <span class='ocrx_word' id='word_1_296' title='bbox 1576 3207 1679 3296; x_wconf 86' lang='lat' dir='ltr'>peiles</span> <span class='ocrx_word' id='word_1_297' title='bbox 1697 3218 1864 3311; x_wconf 83' lang='lat' dir='ltr'>extrahit,</span> 
     </span>
     <span class='ocr_line' id='line_1_31' title="bbox 324 3296 1861 3393; baseline 0.003 -16"><span class='ocrx_word' id='word_1_298' title='bbox 324 3314 435 3393; x_wconf 71' lang='lat' dir='ltr'>huet,</span> <span class='ocrx_word' id='word_1_299' title='bbox 470 3328 561 3375; x_wconf 88' lang='lat' dir='ltr'>novo</span> <span class='ocrx_word' id='word_1_300' title='bbox 585 3305 677 3378; x_wconf 87' lang='lat' dir='ltr'>Rhui</span> <span class='ocrx_word' id='word_1_301' title='bbox 697 3302 892 3374; x_wconf 87' lang='lat' dir='ltr'>committit:</span> <span class='ocrx_word' id='word_1_302' title='bbox 918 3297 1165 3387; x_wconf 77' lang='lat' dir='ltr'>idquinquies,</span> <span class='ocrx_word' id='word_1_303' title='bbox 1186 3296 1306 3381; x_wconf 77' lang='lat' dir='ltr'>sexies,</span> <span class='ocrx_word' id='word_1_304' title='bbox 1331 3296 1451 3388; x_wconf 82' lang='lat' dir='ltr'>septies</span> <span class='ocrx_word' id='word_1_305' title='bbox 1467 3298 1573 3391; x_wconf 80' lang='lat' dir='ltr'>spatie</span> <span class='ocrx_word' id='word_1_306' title='bbox 1591 3303 1731 3379; x_wconf 90' lang='lat' dir='ltr'>duorum</span> <span class='ocrx_word' id='word_1_307' title='bbox 1750 3317 1861 3387; x_wconf 87' lang='lat' dir='ltr'>trium-</span> 
     </span>
     <span class='ocr_line' id='line_1_32' title="bbox 325 3392 1864 3498; baseline 0.003 -18"><span class='ocrx_word' id='word_1_308' title='bbox 325 3429 368 3480; x_wconf 86' lang='lat' dir='ltr'>ve</span> <span class='ocrx_word' id='word_1_309' title='bbox 384 3424 543 3476; x_wconf 86' lang='lat' dir='ltr'>annorum</span> <span class='ocrx_word' id='word_1_310' title='bbox 562 3405 704 3498; x_wconf 88' lang='lat' dir='ltr'>repetit,</span> <span class='ocrx_word' id='word_1_311' title='bbox 727 3419 796 3472; x_wconf 89' lang='lat' dir='ltr'>tum</span> <span class='ocrx_word' id='word_1_312' title='bbox 815 3398 947 3491; x_wconf 77' lang='lat' dir='ltr'>corium</span> <span class='ocrx_word' id='word_1_313' title='bbox 960 3392 1176 3479; x_wconf 75' lang='lat' dir='ltr'>mturdutum,</span> <span class='ocrx_word' id='word_1_314' title='bbox 1197 3393 1374 3480; x_wconf 78' lang='lat' dir='ltr'>siccatum,</span> <span class='ocrx_word' id='word_1_315' title='bbox 1391 3396 1438 3471; x_wconf 85' lang='lat' dir='ltr'>est</span> <span class='ocrx_word' id='word_1_316' title='bbox 1454 3397 1661 3487; x_wconf 82' lang='lat' dir='ltr'>induratum,</span> <span class='ocrx_word' id='word_1_317' title='bbox 1679 3402 1714 3476; x_wconf 76' lang='lat' dir='ltr'>bt</span> <span class='ocrx_word' id='word_1_318' title='bbox 1731 3408 1864 3485; x_wconf 87' lang='lat' dir='ltr'>calceo·</span> 
     </span>
     <span class='ocr_line' id='line_1_33' title="bbox 327 3491 1868 3598; baseline -0.001 -28"><span class='ocrx_word' id='word_1_319' title='bbox 327 3524 403 3581; x_wconf 64' lang='lat' dir='ltr'>aum</span> <span class='ocrx_word' id='word_1_320' title='bbox 425 3500 510 3572; x_wconf 89' lang='lat' dir='ltr'>soliis</span> <span class='ocrx_word' id='word_1_321' title='bbox 534 3518 671 3592; x_wconf 80' lang='lat' dir='ltr'>aptum:</span> <span class='ocrx_word' id='word_1_322' title='bbox 707 3499 752 3571; x_wconf 90' lang='lat' dir='ltr'>ob</span> <span class='ocrx_word' id='word_1_323' title='bbox 775 3516 875 3591; x_wconf 80' lang='lat' dir='ltr'>quam</span> <span class='ocrx_word' id='word_1_324' title='bbox 898 3491 1024 3570; x_wconf 70' lang='lat' dir='ltr'>caulium</span> <span class='ocrx_word' id='word_1_325' title='bbox 1047 3491 1231 3566; x_wconf 74' lang='lat' dir='ltr'>induruerit,</span> <span class='ocrx_word' id='word_1_326' title='bbox 1248 3495 1576 3587; x_wconf 65' lang='lat' dir='ltr'>ignoratoperuriusa</span> <span class='ocrx_word' id='word_1_327' title='bbox 1621 3499 1751 3575; x_wconf 85' lang='lat' dir='ltr'>Cortex</span> <span class='ocrx_word' id='word_1_328' title='bbox 1766 3530 1868 3598; x_wconf 56' lang='lat' dir='ltr'>quer„</span> 
     </span>
     <span class='ocr_line' id='line_1_34' title="bbox 327 3585 1870 3693; baseline 0.001 -23"><span class='ocrx_word' id='word_1_329' title='bbox 327 3620 388 3678; x_wconf 80' lang='lat' dir='ltr'>cus</span> <span class='ocrx_word' id='word_1_330' title='bbox 409 3598 550 3670; x_wconf 87' lang='lat' dir='ltr'>multum</span> <span class='ocrx_word' id='word_1_331' title='bbox 571 3599 696 3690; x_wconf 79' lang='lat' dir='ltr'>spiritus</span> <span class='ocrx_word' id='word_1_332' title='bbox 710 3595 823 3682; x_wconf 83' lang='lat' dir='ltr'>acidi,</span> <span class='ocrx_word' id='word_1_333' title='bbox 849 3593 922 3665; x_wconf 85' lang='lat' dir='ltr'>salis</span> <span class='ocrx_word' id='word_1_334' title='bbox 942 3589 1028 3663; x_wconf 82' lang='lat' dir='ltr'>acidi</span> <span class='ocrx_word' id='word_1_335' title='bbox 1044 3585 1079 3660; x_wconf 73' lang='grc' dir='ltr'>ἃ</span> <span class='ocrx_word' id='word_1_336' title='bbox 1094 3587 1347 3678; x_wconf 80' lang='lat' dir='ltr'>oleioontinet3</span> <span class='ocrx_word' id='word_1_337' title='bbox 1371 3593 1503 3666; x_wconf 74' lang='lat' dir='ltr'>acidum</span> <span class='ocrx_word' id='word_1_338' title='bbox 1523 3594 1642 3688; x_wconf 89' lang='lat' dir='ltr'>pellem</span> <span class='ocrx_word' id='word_1_339' title='bbox 1658 3605 1870 3693; x_wconf 68' lang='lat' dir='ltr'>aputeedina</span> 
     </span>
     <span class='ocr_line' id='line_1_35' title="bbox 327 3685 1867 3796; baseline -0.006 -24"><span class='ocrx_word' id='word_1_340' title='bbox 327 3696 529 3796; x_wconf 72' lang='lat' dir='ltr'>praeferente</span> <span class='ocrx_word' id='word_1_341' title='bbox 552 3694 610 3772; x_wconf 77' lang='lat' dir='ltr'>mr</span> <span class='ocrx_word' id='word_1_342' title='bbox 634 3716 769 3788; x_wconf 89' lang='lat' dir='ltr'>quoque</span> <span class='ocrx_word' id='word_1_343' title='bbox 783 3698 820 3767; x_wconf 85' lang='lat' dir='ltr'>in</span> <span class='ocrx_word' id='word_1_344' title='bbox 833 3691 998 3765; x_wconf 82' lang='lat' dir='ltr'>Rht&#39;ieuis</span> <span class='ocrx_word' id='word_1_345' title='bbox 1018 3707 1137 3786; x_wconf 80' lang='lat' dir='ltr'>mugm</span> <span class='ocrx_word' id='word_1_346' title='bbox 1150 3685 1368 3784; x_wconf 76' lang='lat' dir='ltr'>mstmgendi</span> <span class='ocrx_word' id='word_1_347' title='bbox 1392 3689 1514 3773; x_wconf 78' lang='lat' dir='ltr'>fibras,</span> <span class='ocrx_word' id='word_1_348' title='bbox 1547 3694 1778 3790; x_wconf 79' lang='lat' dir='ltr'>laxitatemque</span> <span class='ocrx_word' id='word_1_349' title='bbox 1799 3706 1867 3777; x_wconf 68' lang='lat'>101.</span> 
     </span>
     <span class='ocr_line' id='line_1_36' title="bbox 327 3783 1869 3890; baseline 0 -18"><span class='ocrx_word' id='word_1_350' title='bbox 327 3798 439 3890; x_wconf 88' lang='lat' dir='ltr'>lendi,</span> <span class='ocrx_word' id='word_1_351' title='bbox 459 3792 657 3867; x_wconf 81' lang='lat' dir='ltr'>indurandi:</span> <span class='ocrx_word' id='word_1_352' title='bbox 683 3795 794 3865; x_wconf 91' lang='lat' dir='ltr'>oleum</span> <span class='ocrx_word' id='word_1_353' title='bbox 808 3790 953 3863; x_wconf 85' lang='lat' dir='ltr'>balsamo</span> <span class='ocrx_word' id='word_1_354' title='bbox 972 3787 1060 3877; x_wconf 72' lang='lat' dir='ltr'>quast</span> <span class='ocrx_word' id='word_1_355' title='bbox 1072 3784 1212 3872; x_wconf 62' lang='lat' dir='ltr'>00¹³le</span> <span class='ocrx_word' id='word_1_356' title='bbox 1235 3804 1273 3857; x_wconf 80' lang='lat' dir='ltr'>ut</span> <span class='ocrx_word' id='word_1_357' title='bbox 1294 3783 1416 3856; x_wconf 66' lang='lat' dir='ltr'>multffi</span> <span class='ocrx_word' id='word_1_358' title='bbox 1436 3786 1470 3856; x_wconf 72' lang='lat' dir='ltr'>ln</span> <span class='ocrx_word' id='word_1_359' title='bbox 1484 3807 1588 3859; x_wconf 63' lang='lat' dir='ltr'><strong>⁸¹¹⁰oe</strong></span> <span class='ocrx_word' id='word_1_360' title='bbox 1610 3787 1722 3862; x_wconf 70' lang='lat' dir='ltr'>servari</span> <span class='ocrx_word' id='word_1_361' title='bbox 1744 3819 1869 3890; x_wconf 83' lang='lat' dir='ltr'>queat,</span> 
     </span>
     <span class='ocr_line' id='line_1_37' title="bbox 329 3882 1867 3986; baseline 0.001 -16"><span class='ocrx_word' id='word_1_362' title='bbox 329 3899 519 3986; x_wconf 75' lang='lat' dir='ltr'>attrituique</span> <span class='ocrx_word' id='word_1_363' title='bbox 538 3893 671 3967; x_wconf 75' lang='lat' dir='ltr'>resiliat:</span> <span class='ocrx_word' id='word_1_364' title='bbox 698 3893 743 3960; x_wconf 86' lang='lat' dir='ltr'>fic</span> <span class='ocrx_word' id='word_1_365' title='bbox 768 3892 854 3958; x_wconf 83' lang='lat' dir='ltr'>ratio</span> <span class='ocrx_word' id='word_1_366' title='bbox 876 3886 1036 3954; x_wconf 84' lang='lat' dir='ltr'>induratae</span> <span class='ocrx_word' id='word_1_367' title='bbox 1069 3883 1164 3974; x_wconf 84' lang='lat' dir='ltr'>pellis</span> <span class='ocrx_word' id='word_1_368' title='bbox 1189 3885 1338 3973; x_wconf 76' lang='lat' dir='ltr'>cotiique</span> <span class='ocrx_word' id='word_1_369' title='bbox 1368 3882 1517 3954; x_wconf 83' lang='lat' dir='ltr'>habetur.</span> <span class='ocrx_word' id='word_1_370' title='bbox 1572 3883 1739 3981; x_wconf 81' lang='lat' dir='ltr'>Quoniam</span> <span class='ocrx_word' id='word_1_371' title='bbox 1763 3894 1867 3973; x_wconf 86' lang='lat' dir='ltr'>Rhus</span> 
     </span>
     <span class='ocr_line' id='line_1_38' title="bbox 330 3976 1867 4087; baseline -0.001 -21"><span class='ocrx_word' id='word_1_372' title='bbox 330 3995 441 4065; x_wconf 82' lang='lat' dir='ltr'>nostra</span> <span class='ocrx_word' id='word_1_373' title='bbox 460 3988 647 4076; x_wconf 80' lang='lat' dir='ltr'>tempestate</span> <span class='ocrx_word' id='word_1_374' title='bbox 666 3981 807 4053; x_wconf 89' lang='lat' dir='ltr'>multum</span> <span class='ocrx_word' id='word_1_375' title='bbox 832 3981 940 4067; x_wconf 90' lang='lat' dir='ltr'>pretio</span> <span class='ocrx_word' id='word_1_376' title='bbox 960 3976 1121 4066; x_wconf 86' lang='lat' dir='ltr'>increvit,</span> <span class='ocrx_word' id='word_1_377' title='bbox 1151 3981 1263 4055; x_wconf 81' lang='lat' dir='ltr'>excifis</span> <span class='ocrx_word' id='word_1_378' title='bbox 1280 3979 1471 4074; x_wconf 82' lang='lat' dir='ltr'>ingentibus</span> <span class='ocrx_word' id='word_1_379' title='bbox 1488 3981 1526 4052; x_wconf 87' lang='lat' dir='ltr'>in</span> <span class='ocrx_word' id='word_1_380' title='bbox 1545 3981 1722 4061; x_wconf 78' lang='lat' dir='ltr'>Germania</span> <span class='ocrx_word' id='word_1_381' title='bbox 1743 3992 1867 4087; x_wconf 78' lang='lat' dir='ltr'>sylvis,</span> 
     </span>
     <span class='ocr_line' id='line_1_39' title="bbox 328 4071 1867 4185; baseline 0.002 -27"><span class='ocrx_word' id='word_1_382' title='bbox 328 4100 393 4158; x_wconf 78' lang='lat' dir='ltr'>nee</span> <span class='ocrx_word' id='word_1_383' title='bbox 425 4086 532 4157; x_wconf 89' lang='lat' dir='ltr'>ubivis</span> <span class='ocrx_word' id='word_1_384' title='bbox 553 4082 721 4170; x_wconf 83' lang='lat' dir='ltr'>quercina:</span> <span class='ocrx_word' id='word_1_385' title='bbox 746 4074 841 4144; x_wconf 88' lang='lat' dir='ltr'>sunt:</span> <span class='ocrx_word' id='word_1_386' title='bbox 874 4072 930 4145; x_wconf 84' lang='lat' dir='ltr'>cl.</span> <span class='ocrx_word' id='word_1_387' title='bbox 955 4071 1125 4149; x_wconf 83' lang='lat' dir='ltr'>Gleditsch</span> <span class='ocrx_word' id='word_1_388' title='bbox 1154 4080 1231 4152; x_wconf 83' lang='lat' dir='ltr'>alius</span> <span class='ocrx_word' id='word_1_389' title='bbox 1252 4076 1441 4176; x_wconf 84' lang='lat' dir='ltr'>investigare</span> <span class='ocrx_word' id='word_1_390' title='bbox 1471 4086 1573 4176; x_wconf 85' lang='lat' dir='ltr'>caepit</span> <span class='ocrx_word' id='word_1_391' title='bbox 1596 4085 1750 4178; x_wconf 83' lang='lat' dir='ltr'>plantas,</span> <span class='ocrx_word' id='word_1_392' title='bbox 1781 4117 1867 4185; x_wconf 77' lang='lat' dir='ltr'>quae</span> 
     </span>
     <span class='ocr_line' id='line_1_40' title="bbox 331 4169 1866 4285; baseline 0.008 -31"><span class='ocrx_word' id='word_1_393' title='bbox 331 4178 442 4254; x_wconf 88' lang='lat' dir='ltr'>Rhois</span> <span class='ocrx_word' id='word_1_394' title='bbox 460 4182 538 4251; x_wconf 93' lang='lat' dir='ltr'>loco</span> <span class='ocrx_word' id='word_1_395' title='bbox 557 4176 700 4247; x_wconf 79' lang='lat' dir='ltr'>curiatiis</span> <span class='ocrx_word' id='word_1_396' title='bbox 724 4172 837 4242; x_wconf 88' lang='lat' dir='ltr'>servire</span> <span class='ocrx_word' id='word_1_397' title='bbox 856 4169 999 4267; x_wconf 84' lang='lat' dir='ltr'>poffint:</span> <span class='ocrx_word' id='word_1_398' title='bbox 1024 4177 1145 4250; x_wconf 90' lang='lat' dir='ltr'>invenit</span> <span class='ocrx_word' id='word_1_399' title='bbox 1165 4179 1289 4271; x_wconf 80' lang='lat' dir='ltr'>planus</span> <span class='ocrx_word' id='word_1_400' title='bbox 1306 4176 1370 4249; x_wconf 83' lang='lat' dir='ltr'>effe</span> <span class='ocrx_word' id='word_1_401' title='bbox 1384 4179 1559 4255; x_wconf 83' lang='lat' dir='ltr'>laudandas</span> <span class='ocrx_word' id='word_1_402' title='bbox 1578 4185 1808 4285; x_wconf 83' lang='lat' dir='ltr'>adstringentes</span> <span class='ocrx_word' id='word_1_403' title='bbox 1827 4192 1866 4267; x_wconf 78' lang='lat' dir='ltr'>bc</span> 
     </span>
     <span class='ocr_line' id='line_1_41' title="bbox 332 4271 1863 4387; baseline 0.005 -42"><span class='ocrx_word' id='word_1_404' title='bbox 332 4273 463 4360; x_wconf 74' lang='lat' dir='ltr'>scidas,</span> <span class='ocrx_word' id='word_1_405' title='bbox 485 4295 630 4365; x_wconf 88' lang='lat' dir='ltr'>quaeque</span> <span class='ocrx_word' id='word_1_406' title='bbox 648 4271 739 4360; x_wconf 86' lang='lat' dir='ltr'>simul</span> <span class='ocrx_word' id='word_1_407' title='bbox 754 4271 861 4342; x_wconf 81' lang='lat' dir='ltr'>forent</span> <span class='ocrx_word' id='word_1_408' title='bbox 875 4271 1074 4351; x_wconf 85' lang='lat' dir='ltr'>Aromaticae</span> <span class='ocrx_word' id='word_1_409' title='bbox 1094 4273 1130 4348; x_wconf 70' lang='grc' dir='ltr'>ἃ</span> <span class='ocrx_word' id='word_1_410' title='bbox 1150 4273 1357 4370; x_wconf 84' lang='lat' dir='ltr'>spirituosae;</span> <span class='ocrx_word' id='word_1_411' title='bbox 1383 4275 1494 4352; x_wconf 84' lang='lat' dir='ltr'>hatum</span> <span class='ocrx_word' id='word_1_412' title='bbox 1522 4283 1610 4356; x_wconf 90' lang='lat' dir='ltr'>enlm</span> <span class='ocrx_word' id='word_1_413' title='bbox 1625 4305 1730 4378; x_wconf 80' lang='lat' dir='ltr'>partes</span> <span class='ocrx_word' id='word_1_414' title='bbox 1751 4291 1863 4387; x_wconf 74' lang='lat' dir='ltr'>ingre.</span> 
     </span>
    </p>
   </div>
   <div class='ocr_carea' id='block_1_4' title="bbox 319 4368 1872 4757">
    <p class='ocr_par' dir='ltr' id='par_1_7' title="bbox 319 4368 1872 4757">
     <span class='ocr_line' id='line_1_42' title="bbox 332 4368 1865 4564; baseline 0.003 -118"><span class='ocrx_word' id='word_1_415' title='bbox 332 4371 464 4464; x_wconf 63' lang='lat' dir='ltr'>duntur</span> <span class='ocrx_word' id='word_1_416' title='bbox 477 4370 614 4461; x_wconf 86' lang='lat' dir='ltr'>peiles,</span> <span class='ocrx_word' id='word_1_417' title='bbox 648 4368 740 4462; x_wconf 90' lang='lat' dir='ltr'>quod</span> <span class='ocrx_word' id='word_1_418' title='bbox 769 4369 1031 4471; x_wconf 84' lang='lat' dir='ltr'>mucilaginofis,</span> <span class='ocrx_word' id='word_1_419' title='bbox 1075 4373 1256 4475; x_wconf 86' lang='lat' dir='ltr'>oleofisque</span> <span class='ocrx_word' id='word_1_420' title='bbox 1276 4374 1421 4476; x_wconf 73' lang='lat' dir='ltr'>partibus</span> <span class='ocrx_word' id='word_1_421' title='bbox 1444 4398 1514 4464; x_wconf 83' lang='lat' dir='ltr'>nou</span> <span class='ocrx_word' id='word_1_422' title='bbox 1533 4380 1598 4484; x_wconf 81' lang='lat' dir='ltr'>fit:</span> <span class='ocrx_word' id='word_1_423' title='bbox 1634 4382 1865 4564; x_wconf 62' lang='lat' dir='ltr'>insignemuta.</span> 
     </span>
     <span class='ocr_line' id='line_1_43' title="bbox 319 4510 1872 4568; baseline -0.002 3"><span class='ocrx_word' id='word_1_424' title='bbox 319 4520 328 4531; x_wconf 90' lang='lat'><em>&#39;</em></span> <span class='ocrx_word' id='word_1_425' title='bbox 1814 4510 1872 4568; x_wconf 74' lang='lat' dir='ltr'>um</span> 
     </span>
     <span class='ocr_line' id='line_1_44' title="bbox 330 4661 1191 4757; baseline 0.005 -28"><span class='ocrx_word' id='word_1_426' title='bbox 330 4720 334 4743; x_wconf 83' lang='grc'>,</span> <span class='ocrx_word' id='word_1_427' title='bbox 376 4666 439 4757; x_wconf 64' lang='grc' dir='ltr'>ιι)</span> <span class='ocrx_word' id='word_1_428' title='bbox 453 4662 606 4733; x_wconf 68' lang='lat' dir='ltr'>&amp;lucius</span> <span class='ocrx_word' id='word_1_429' title='bbox 624 4663 656 4729; x_wconf 89' lang='lat' dir='ltr'>in</span> <span class='ocrx_word' id='word_1_430' title='bbox 676 4661 873 4741; x_wconf 64' lang='lat' dir='ltr'>Honoratus</span> <span class='ocrx_word' id='word_1_431' title='bbox 889 4664 984 4746; x_wconf 79' lang='lat' dir='ltr'>caput</span> <span class='ocrx_word' id='word_1_432' title='bbox 1000 4673 1047 4744; x_wconf 65' lang='lat'>5&amp;</span> <span class='ocrx_word' id='word_1_433' title='bbox 1061 4684 1124 4746; x_wconf 74' lang='lat' dir='ltr'>aaa.</span> <span class='ocrx_word' id='word_1_434' title='bbox 1142 4683 1191 4744; x_wconf 70' lang='lat' dir='ltr'>zu</span> 
     </span>
    </p>
   </div>
   <div class='ocr_carea' id='block_1_5' title="bbox 0 0 2191 5956">
    <p class='ocr_par' dir='ltr' id='par_1_8' title="bbox 0 0 2191 5956">
     <span class='ocr_line' id='line_1_45' title="bbox 0 0 2191 5956; baseline 0 0"><span class='ocrx_word' id='word_1_435' title='bbox 0 0 2191 5956; x_wconf 95' lang='lat' dir='ltr'> </span> 
     </span>
    </p>
   </div>
  </div>
 </body>
</html>
