4282 5962
423 300 515 391 DE
554 290 1067 387 COHAERENTIA
1104 314 1169 379 a'r
1208 290 1617 395 FIRMITATE.
1727 340 1809 425 393

271 500 431 574 harentia
461 497 628 570 observata
660 512 784 564 tantum
810 490 888 563 sebo
916 492 1101 583 competit:
1126 487 1150 559 11
1173 489 1372 579 enuffime,
1398 496 1594 575 coherentia
1617 504 1741 599 pendet
1764 511 1807 581 ab

274 601 465 671 attraslione
490 590 614 666 sebi&
639 589 872 680 cylindrorum.

327 712 358 811 0.
384 706 574 783 llleCVll.
600 708 635 779 Si
658 704 795 795 cylindri
818 702 896 774 sebo
917 702 1020 796 juniii
1044 701 1208 776 trahantur
1224 705 1376 794 parallele
1406 708 1448 779 ad
1469 709 1672 804 superficies,
1697 720 1803 793 00οω

272 810 393 884 minori
416 810 447 878 vi
473 806 651 877 secedunt:
679 822 759 893 nam
788 802 837 873 vis
857 799 1006 894 separans
1039 819 1106 871 tum
1141 820 1266 873 tantum
1289 803 1415 876 necesse
1439 806 1486 879 est
1507 810 1641 903 equalis
1661 820 1802 903 attritui,

276 912 334 1000 qui
358 906 403 975 est
424 904 508 974 imer
529 903 713 994 superficies
737 918 915 990 corpomm
941 917 1032 971 tauto
1055 897 1204 993 pondere
1235 901 1518 995 compressorum,
1540 911 1601 1001 qui
1624 911 1804 1010 investigari

274 1025 315 1076 ex
340 1000 545 1074 lllechanicis
569 1022 629 1091 per
652 998 683 1096 §.
709 1016 793 1090 472.
817 997 936 1087 potest.
1055 1060 1058 1065 ,
1089 1060 1093 1067 ,
1158 1058 1161 1065 ,
1605 1024 1610 1033 .

321 1114 353 1205 y.
380 1112 586 1185 nrxcvrrr.
613 1110 783 1209 Quonam
812 1110 847 1178 in
875 1106 1091 1201 00000000
1123 1113 1355 1205 expmmentts
1385 1134 1525 1208 corpora
1557 1136 1682 1191 artum
1706 1140 1800 1210 aquae
1892 1092 1903 1119 ⁸

272 1212 437 1286 bullientis
458 1209 566 1283 calore
586 1210 819 1292 incaluerunt,
850 1210 908 1297 qui
928 1206 975 1279 est
992 1205 1101 1292 levis,
1135 1222 1309 1302 partesque
1332 1210 1448 1284 solidas
1477 1216 1531 1286 vix
1554 1235 1721 1301 removet,
1743 1235 1801 1287 aut

270 1331 374 1402 poros
396 1311 527 1399 aperit:
559 1309 669 1407 sebum
691 1302 855 1390 refusum,
888 1326 959 1377 non
990 1306 1129 1379 multum
1158 1326 1387 1396 amentatum,
1420 1330 1458 1383 ut
1480 1333 1500 1381 a
1522 1311 1707 1383 violentiori
1728 1316 1803 1407 igne

272 1408 330 1490 st,
355 1408 409 1477 vix
433 1422 534 1497 poros
552 1404 703 1505 ingredi,
737 1401 895 1493 sortisque
915 1407 1073 1499 magnetis
1094 1426 1230 1478 munere
1252 1404 1310 1477 sun
1336 1409 1344 1425 '
1370 1412 1499 1498 potuit:
1533 1428 1571 1479 ut
1595 1407 1660 1480 boc
1685 1408 1801 1495 fieret,

269 1504 439 1594 cylindros
469 1506 595 1597 priores
609 1502 613 1511 ’
628 1502 735 1577 multo
763 1498 988 1591 vehementius
1019 1501 1176 1587 calefeci,
1208 1521 1246 1574 ut
1271 1428 1404 1577 adfftunr
1437 1503 1548 1577 sebum
1573 1505 1661 1595 quasi
1686 1506 1801 1577 ebulli-

268 1622 339 1773 Eer,
364 1598 559 1773 cylindfiirsrt
572 1622 648 1677 rnre
672 1595 979 1693 sanemsppreffi,
1003 1598 1228 1691 quiescentes,
1251 1596 1383 1696 fligidi,
1407 1601 1553 1698 sequenti
1574 1602 1628 1677 die
1651 1600 1702 1675 his
1715 1624 1801 1696 pou·

295 1701 401 1773 eribus
425 1722 469 1775 co
492 1723 519 1774 ae
533 1720 638 1773 erunt.
782 1736 786 1749 ·
1348 1768 1352 1773 .

454 1893 889 1986 Er'Vitrolli.3oo.·
936 1850 1024 2005 3¹·-
1093 1892 1168 2023 &g
1241 1891 1395 1989 115050·

534 1990 712 2063 Oriclralco
737 1987 771 2057 lb
799 1991 880 2065 800.
937 2026 954 2046 ·
1004 2028 1021 2048 ·
1092 2008 1166 2107 rag

530 2087 806 2179 Ferrolb95o.
865 2124 882 2144 ·
935 2124 952 2143 ·
1005 2124 1022 2144 ·
1093 2096 1177 2175 0&

528 2182 618 2257 AEre
640 2182 790 2258 sulvolli
819 2187 901 2278 850.
934 2198 954 2242 '-
1002 2198 1019 2242 ὲ

531 2278 744 2377 Argentolli
771 2304 854 2373 050.
1000 2316 1017 2337 ·

529 2377 703 2449 Marmore
728 2378 806 2491 alb'o
829 2376 866 2448 lb
893 2374 977 2445 600.
1003 2409 1018 2427 ·
1082 2380 1166 2465 &di

315 2574 443 2652 Fusius
466 2569 602 2667 000000
620 2595 662 2645 ex
682 2572 851 2643 Orichalio
875 2568 1040 2659 cylindrus
1059 2567 1217 2657 amplior,
1243 2567 1336 2661 cujus
1358 2564 1454 2659 plana
1469 2567 1652 2658 superficies
1675 2574 1711 2643 in
1732 2593 1799 2644 me·

264 2678 327 2749 :lio
349 2678 549 2765 aliquantum
574 2671 806 2754 execrabatur:
832 2684 869 2737 ut
891 2666 1016 2755 reliqua
1038 2663 1222 2754 planities,
1257 2686 1332 2755 quae
1356 2664 1486 2735 alterius
1509 2664 1645 2751 cylindri
1670 2667 1801 2757 supersi·

263 2779 355 2845 ciem
380 2771 551 2866 tangebat,
576 2764 655 2836 esset
678 2763 812 2856 aequalis
836 2762 989 2853 cylindris
1018 2762 1211 2852 prioribus,
1242 2761 1390 2833 foramen
1411 2760 1558 2850 patulum
1584 2762 1603 2830 a
1628 2784 1720 2853 parte
1745 2786 1800 2836 err·

269 2891 359 2941 terna
383 2866 551 2957 usquead
575 2885 689 2934 oevum
719 2860 864 2933 medium
895 2856 1070 2930 transibat:
1106 2858 1138 2925 hi
1175 2857 1313 2948 cylindri
1339 2857 1448 2942 sebo,
1479 2856 1578 2929 veluti
1601 2865 1800 2951 memorati,

260 2966 388 3059 juncti,
419 2960 620 3035 cohaeserunt
644 2958 791 3051 pondere
815 2959 850 3031 lb
877 2958 976 3028 dom:
1005 2953 1090 3043 adeo
1111 2974 1149 3023 ut
1173 2956 1319 3026 medium
1339 2974 1485 3041 cavum,
1518 2955 1560 3025 ad
1583 2959 1675 3047 quod
1695 2958 1799 3031 libere

264 3066 323 3133 a'e'r
345 3062 468 3143 affluit,
492 3059 722 3128 cohaerentiam
736 3074 915 3145 corporum
939 3073 1010 3127 non
1034 3052 1179 3139 minuat,
1204 3052 1308 3145 modo
1333 3052 1474 3142 :equales
1497 3050 1681 3145 firperficies
1707 3057 1800 3128 simili

267 3160 371 3230 modo
398 3157 429 3227 se
455 3177 507 3225 tan
550 3174 596 3224 nt.
1094 3230 1097 3235 ,

321 3255 396 3349 Qui
421 3254 492 3325 hec
509 3176 734 3341 {perimente
766 3251 877 3320 animo
903 3252 1030 3323 intento
1055 3244 1091 3320 dt
1115 3248 1310 3343 praejudiciis
1334 3268 1467 3333 00000,
1499 3250 1697 3343 perpendit,
1721 3251 1800 3322 faci·

271 3356 302 3425 le
328 3354 508 3443 percipiet,
538 3349 609 3418 cai
633 3345 742 3438 pressu
766 3344 861 3419 fluidi
885 3348 1082 3420 extrinsecus
1106 3352 1283 3440 prementis
1308 3368 1375 3419 non
1394 3346 1560 3439 pendere,
1584 3350 1654 3419 llis
1680 3347 1799 3419 crassus

267 3472 445 3522 memorata
470 3466 611 3536 corpora
640 3456 708 3514 0·οο
735 3466 931 3532 permeans,
965 3466 1005 3514 ea
1039 3464 1164 3517 tantum
1197 3447 1343 3536 pondere
1380 3455 1414 3525 rb
1440 3468 1500 3536 4¹·
1525 3448 1739 3535 comprimit,
1764 3445 1799 3516 id

270 3548 429 3619 lllcrcurii
452 3542 673 3613 altitudinem
707 3540 899 3609 Barometro
932 3542 1115 3628 probante:
1157 3540 1262 3635 Quod
1287 3543 1309 3609 fi
1342 3540 1478 3611 fluidum
1504 3541 1648 3613 subtilius
1673 3564 1713 3613 ex
1740 3542 1798 3632 hy·

269 3642 394 3735 pothesr
419 3640 610 3719 assumatur,
635 3656 675 3705 an
701 3654 771 3705 tum
795 3656 864 3705 non
890 3634 911 3705 i
943 3637 1013 3726 pari
1045 3634 1194 3726 pondere
1225 3658 1340 3705 omnes
1373 3637 1511 3725 cylindri
1535 3658 1576 3707 ex
1603 3660 1799 3729 quacunque

270 3739 403 3811 materia
424 3734 564 3809 fuerint,
599 3730 708 3801 divulsa
731 3728 886 3817 fuissent,
918 3731 1037 3803 eodem
1063 3730 1140 3802 sebo
1172 3735 1256 3803 inter
1278 3754 1393 3803 omues
1418 3732 1599 3819 interfuso,
1630 3736 1722 3825 quod
1746 3759 1800 3806 ea·

270 3836 346 3907 dem
371 3832 523 3903 facilitate
539 3826 575 3899 dt
593 3831 689 3921 copia
715 3827 856 3901 afluido
878 3827 984 3900 subtili
1004 3848 1189 3922 permeetur
1212 3827 1338 3901 necesse
1356 3828 1418 3899 est:
1444 3826 1520 3900 &si
1544 3850 1662 3922 praeter
1685 3832 1799 3905 sebum

269 3933 405 4004 densitas
428 3948 605 4019 corporum
631 3946 822 4010 concurrat,
846 3945 888 3996 an
913 3945 983 3997 tum
1007 3950 1077 3998 non
1100 3948 1267 4011 mannos,
1300 3926 1542 4018 exploratorum
1568 3931 1709 4001 maxime
1734 3952 1798 4021 po·

254 4028 401 4112 rosum,
425 4029 544 4098 minori
567 4024 716 4117 pondere
740 4022 877 4095 fraslum
910 4018 947 4094 dt
972 4020 1149 4115 seJunoum
1170 4024 1304 4109 fuisset,
1337 4046 1434 4117 quarn
1466 4025 1573 4098 multo
1596 4026 1723 4099 denaus
1745 4050 1798 4099 ar·
1923 4026 1934 4041 ‘

271 4148 427 4224 gentum,
452 4144 507 4194 aut
529 4122 669 4196 010001
695 4121 743 4193 10
763 4120 883 4191 serrum
906 4120 1008 4192 leuius
1032 4117 1068 4193 dt
1088 4124 1237 4213 porolius
1267 4144 1331 4193 aere
1362 4121 1453 4194 sulvo
1478 4118 1584 4197 minu's
1608 4146 1684 4196 cum
1709 4124 1797 4199 serro

271 4221 477 4305 cohaelisset,
512 4242 609 4311 quom
632 4240 677 4291 aes
700 4240 777 4290 cum
801 4238 895 4303 aete,
928 4236 1041 4291 contra
1067 4223 1324 4313 experientiam:
1354 4218 1400 4291 Et
1432 4242 1473 4291 an
1498 4243 1567 4295 non
1592 4222 1627 4295 id
1652 4221 1797 4296 fluidum

271 4320 436 4405 subtilius,
461 4316 552 4410 quod
568 4316 680 4407 rnajori
702 4314 849 4389 libertate
874 4314 984 4388 sebum
1003 4338 1103 4409 quarn
1125 4316 1292 4389 metallum
1313 4336 1480 4411 permeat,
1506 4318 1691 4410 cylindros,
1712 4324 1795 4395 inter

268 4439 354 4509 quos
377 4414 480 4487 susum
503 4412 548 4485 est
571 4412 700 4503 sebum,
725 4414 835 4507 potins
859 4410 1056 4509 sejungeret,
1089 4434 1187 4505 quarn
1212 4416 1338 4487 uniret?
1362 4417 1407 4486 ita
1428 4417 1570 4489 videtur:
1596 4436 1795 4512 nequaque

269 4514 437 4587 credamus
467 4515 503 4585 in
541 4510 703 4603 prioribus
742 4506 973 4602 experimerltis
1013 4508 1168 4583 dunnxat
1208 4510 1428 4587 difficultatem
1466 4514 1613 4592 adversus
1650 4515 1793 4609 pressum

272 4629 441 4688 externum
464 4610 585 4696 latere,
610 4629 652 4682 en
675 4606 737 4681 alia
759 4610 794 4683 in
817 4604 887 4680 aliis
911 4606 993 4680 saiia
1002 4610 1209 4780 fflfibm
1232 4610 1386 4705 pericula.
1688 4699 1711 4781 s
1736 4704 1794 4778 mfi

306 4740 311 4749 ·
1712 4724 1735 4778 u
