4282 5962
406 230 990 322 Macnnurcn
1071 233 1407 327 Morus.
1597 250 1680 354 167

200 434 231 537 5.
258 428 442 509 DXLVH.
468 434 502 507 st
523 433 625 503 hono
648 452 748 503 manu
771 435 878 521 capiat
899 431 1012 502 funem
1044 430 1253 513 dueiariurn,
1288 435 1378 526 cujus
1409 437 1498 508 alteri
1531 460 1678 514 extremo

150 533 330 631 appensum
358 533 395 603 fit
414 532 563 625 pondus,
588 527 624 600 dt
648 530 735 599 funis
757 533 878 599 ambiat
903 528 1105 613 trochleanr,
1129 534 1249 622 poterit
1274 531 1315 600 ad
1340 532 1371 602 i'e
1398 535 1523 605 trahere
1550 536 1584 607 ἃ
1611 540 1677 610 cle·

151 658 226 713 vare
250 629 285 703 id
309 655 375 721 24,
397 629 450 699 vel
470 648 539 719 25,
558 649 727 717 nunquam
748 623 791 697 ab
813 647 872 719 30.
922 628 957 697 Si
980 627 1087 698 homo
1105 626 1215 698 funem
1242 629 1421 700 duciariurn
1446 630 1538 720 supra
1564 636 1678 707 hunre-

151 756 208 807 ros
230 728 353 803 nriisurn
377 748 475 797 manu
493 729 621 816 capiat,
647 720 770 796 &funi
792 726 864 814 post
887 744 1013 820 tergurn
1038 728 1076 796 iit
1100 726 1276 818 appensum
1299 727 1379 797 iliud
1404 728 1534 820 pondus
1558 726 1678 824 ibas,

151 829 261 923 potest
283 824 460 909 trahendo,
487 820 522 893 dt
545 824 677 913 pondus
697 822 862 895 movendo
885 824 1062 918 progredi,
1088 820 1123 893 dt
1147 827 1236 894 hore
1263 824 1365 915 spatio
1389 825 1455 896 hoc
1481 830 1578 917 patio
1595 849 1677 919 ope·

152 930 212 1002 rari
233 922 442 1007 incedendo,
465 943 505 991 ac
523 921 582 991 vie
601 920 842 1013 longitudinem
863 922 972 991 6000.
995 923 1117 1011 pedum
1140 922 1307 993 conficere
1316 973 1334 997 ,.
1354 926 1411 1013 qui
1428 922 1474 995 est
1499 929 1606 996 omnis
1631 923 1680 997 ef·

151 1024 274 1109 deeius,
300 1040 400 1112 quem
420 1022 462 1090 ab
485 1020 623 1089 honrine
646 1006 790 1089 trahente
809 1016 863 1089 vel
884 1018 1026 1109 pellente
1046 1020 1229 1111 ex'i'pedare
1254 1020 1431 1111 potianus.

201 1134 232 1233 5.
260 1132 459 1207 DXLVlii.
485 1133 575 1204 Cum
598 1154 677 1205 vero
698 1135 891 1224 plerumque
913 1133 1064 1204 hominen
1086 1134 1252 1205 machinas
1278 1136 1426 1206 manibus
1451 1156 1603 1207 moveant
1619 1155 1682 1208 tra·

152 1235 285 1318 hendo,
310 1234 362 1304 uel
389 1231 574 1325 pellendo,
601 1234 645 1300 uti
672 1232 773 1301 modo
798 1230 1036 1317 indicavimus,
1065 1232 1233 1324 sequitur,
1259 1231 1408 1327 Effeiius
1432 1234 1604 1307 Machinae
1622 1251 1690 1328 per

154 1337 314 1407 bominem
333 1348 428 1403 motae
444 1354 606 1427 nartquam
621 1330 706 1423 puffe
728 1331 787 1424 effe
815 1329 951 1423 majores
972 1327 1137 1425 ffliir’bur
1159 1334 1386 1418 naturalibus,
1413 1331 1477 1402 slve
1501 1332 1592 1423 supra
1606 1354 1684 1421 pro·

154 1437 288 1504 ductant
317 1432 425 1501 6000.
448 1431 567 1517 pedum
593 1428 682 1498 horae
701 1428 802 1519 spatio
825 1450 900 1499 tum
925 1438 1048 1520 opib:
1075 1433 1276 1520 quocunque
1290 1431 1393 1499 nrodo
1408 1429 1474 1499 hoc
1488 1429 1689 1520 productum

153 1533 313 1603 sonaretur
332 1550 351 1598 a
369 1526 517 1618 pondere
539 1529 573 1597 itr
595 1526 801 1597 velocitatem
831 1526 1070 1616 multiplicato:
1103 1525 1255 1616 adeoque
1287 1525 1424 1596 effeetus
1455 1524 1692 1598 Machinarum-

155 1651 216 1720 per
242 1627 408 1697 hominem
431 1645 591 1694 motarum
616 1644 680 1714 pro
705 1622 766 1695 sois
789 1624 944 1693 limitibus
966 1622 1088 1693 habent
1109 1622 1172 1693 hos
1197 1620 1332 1694 effodias
1357 1622 1527 1693 naturaies.
1675 1708 1678 1713 Ι

206 1721 295 1819 Quia
325 1743 412 1793 unus
439 1726 607 1811 operarius
640 1722 677 1793 ib
708 1726 765 1815 ἀς,
799 1720 891 1791 horae
921 1718 1025 1811 spatio
1053 1741 1187 1791 movete
1213 1720 1320 1810 potest
1344 1742 1405 1813 per
1429 1720 1552 1814 spatum
1578 1719 1689 1792 6000.

154 1822 305 1917 pedum,
331 1839 479 1910 ternpore
503 1822 598 1890 unius
619 1823 733 1890 minuti
757 1820 875 1909 1625.
903 1817 1050 1887 movebit
1073 1838 1133 1908 per
1158 1816 1293 1909 spatium
1325 1840 1405 1888 100.
1429 1816 1577 1909 pedum,
1613 1821 1690 1909 quia

155 1923 230 2001 60,
265 1919 362 1989 6000
389 1940 432 1987 t:
461 1939 493 1986 1.
523 1940 603 1988 roo.
627 1913 921 2006 vocetur'pondus
942 1912 977 1984 ib
1006 1933 1051 2007 25
1067 1936 1111 1988 ::
1127 1913 1173 2000 P,
1209 1910 1406 2007 &spatium
1432 1919 1540 1986 6000.
1566 1916 1694 2006 pedum·

155 2040 198 2091 ε
214 2018 248 2091 S.
280 2018 341 2086 erit
374 2011 509 2087 effeetus
536 2015 630 2084 horae
652 2014 754 2105 spatio
784 2014 827 2082 ab
859 2013 1021 2102 Operatio
1047 2017 1155 2082 editus
1178 2013 1313 2104 aequalis
1338 2013 1420 2099 PS,
1452 2013 1489 2083 fit
1510 2012 1575 2105 jam
1601 2009 1691 2082 aliud

154 2114 378 2207 quodcunque
400 2111 586 2202 pondus:
595 2132 641 2204 p,
667 2115 737 2202 pari
760 2130 910 2198 tempore
925 2110 1148 2195 movendum,
1173 2112 1328 2202 quaritur
1342 2112 1502 2203 spatium,
1527 2108 1619 2202 quod
1633 2128 1708 2185 va.

156 2275 298 2347 candum
326 2268 418 2340 ests.
444 2274 505 2342 erit
527 2270 696 2361 Pszps.
723 2290 805 2360 ergo
823 2290 860 2360 p.
885 2268 1020 2339 Pzzs.
1042 2292 1068 2339 s.
1092 2268 1155 2339 five
1180 2206 1351 2352 5:133,
1378 2200 1709 2364 iitpziiaroooo,¹

156 2435 218 2519 erit
267 2448 416 2509 10000,
460 2445 504 2518 25
542 2445 589 2493 r:
627 2425 723 2493 6000
739 2475 758 2509 ,
798 2443 853 2517 ις.
897 2422 1049 2515 adeoque
1090 2422 1178 2495 ident
1217 2427 1383 2513 operarius
1421 2428 1527 2496 modo
1570 2430 1695 2517 poterit

158 2527 193 2598 m
224 2545 351 2596 10000.
374 2522 464 2593 horae
491 2520 661 2593 intervallo
684 2542 815 2591 movere
834 2542 894 2610 per
915 2521 1049 2608 spatium
1084 2516 1097 2588 r
1104 2540 1138 2609 5.
1165 2521 1299 2610 pedum.
1349 2518 1495 2614 Quando
1510 2519 1544 2588 ib
1563 2544 1696 2595 10000.

158 2643 309 2715 tempore
341 2642 354 2689 1
381 2620 497 2688 minuti
515 2616 588 2685 sunt
611 2614 781 2687 mouendae
795 2636 854 2706 per
867 2615 1003 2713 ¹spatium
1030 2636 1110 2684 100.
1129 2616 1276 2705 pedum,
1294 2637 1425 2687 eruetur
1439 2638 1593 2688 numerus
1609 2640 1695 2709 ope·

159 2724 316 2793 rariorum
343 2715 409 2784 hoc
430 2714 553 2783 modo:
572 2713 649 2803 quia
672 2734 683 2780 r
706 2712 873 2802 operarius
893 2708 927 2777 ib
948 2730 1006 2801 25.
1029 2712 1180 2801 ‘tempore
1210 2734 1222 2781 r
1253 2714 1368 2782 minuti
1403 2734 1513 2784 movet
1538 2736 1598 2803 pet
1622 2715 1697 2805 spa·-

32 2856 35 2863 ·
156 2820 237 2889 tiutn
275 2834 354 2882 100.
378 2811 527 2902 pedum,
560 2831 643 2897 400.
677 2810 816 2898 operarii
846 2808 978 2903 pondus
1010 2802 1046 2876 id
1085 2828 1213 2878 10000.
1242 2809 1311 2901 pati
1335 2830 1487 2903 tempore
1511 2811 1697 2885 movebunt

159 2936 217 3008 pet
237 2908 439 2982 intetvaiium
467 2924 547 2976 100.
574 2905 706 2995 pedum.
1045 2918 1057 2943 ··
1158 2942 1161 2947 -
1347 2936 1378 2995 g
1680 2946 1686 2955 ·

208 3009 243 3080 Si
267 3029 376 3077 tatncn
400 3006 504 3075 bonno
527 3025 596 3074 non
617 3020 776 3094 operetur
804 3001 983 3090 manibus,
1016 3001 1074 3073 sed
1105 3023 1181 3075 toto
1203 3003 1351 3094 pondere
1376 3003 1426 3083 sui
1444 3009 1619 3099 eorporis,
1645 3008 1694 3079 uti

160 3104 254 3181 fieret
277 3100 434 3173 calcando
454 3122 587 3185 rotam,
607 3100 670 3171 five
691 3101 878 3173 incedendo
899 3102 930 3171 in
957 3101 1181 3191 perittochio,
1205 3101 1313 3191 potest
1340 3103 1437 3175 edere
1456 3103 1519 3174 hos
1539 3102 1701 3177 effet'itue

161 3204 202 3277 flt
223 3203 293 3294 ejus
318 3197 449 3290 pondus
468 3195 502 3267 ib
535 3220 604 3287 ¹·40
618 3244 636 3280 ,
664 3196 755 3271 hora
777 3200 879 3290 spatio
901 3193 940 3267 dt
959 3198 1189 3273 adscendendo
1212 3200 1245 3269 in
1270 3199 1371 3288 plano
1395 3202 1450 3270 vix
1473 3220 1529 3270 aut
1553 3220 1621 3273 non
1646 3202 1698 3273 in·

163 3302 285 3373 clinata
312 3294 419 3388 potest
451 3296 615 3369 absolvere
638 3297 722 3367 uiatn
756 3318 860 3367 1200.
894 3298 1088 3386 perticarum
1123 3292 1260 3367 Rheno!
1294 3297 1357 3367 srve
1393 3320 1525 3388 14400.
1550 3298 1700 3389 peduma

160 3394 240 3471 Vidi
257 3394 429 3478 homines,
452 3397 510 3484 qui
535 3394 676 3462 humeris
697 3393 864 3486 gestabant
888 3386 1065 3482 pondusib
1090 3415 1169 3485 ¹50·
1196 3389 1338 3465 &harre
1363 3394 1465 3486 spatio
1481 3399 1565 3467 viam
1586 3418 1699 3467 1200..

161 3498 356 3590 perticarum
371 3490 606 3561 conficiebant:
631 3490 781 3579 adeoque
799 3489 957 3573 effeetus,
971 3511 1070 3579 quem
1095 3494 1162 3561 edit
1186 3491 1346 3581 ejusmodi
1373 3493 1521 3583 bajulus,
1547 3492 1592 3562 est
1608 3515 1696 3583 pon·

164 3596 250 3664 dctis
269 3587 304 3657 ib
333 3610 415 3679 150.
439 3585 529 3657 hotae
554 3584 656 3677 spatio
677 3606 737 3676 per
768 3588 873 3657 ra'oo,
893 3586 1030 3676 perticas
1055 3584 1205 3657 Rhenoi:
1232 3582 1305 3681 Qui
1325 3586 1519 3659 effeciusest
1533 3594 1702 3664 maximae

165 3676 266 3783 quern
287 3686 329 3755 ab
358 3683 494 3755 homine
512 3705 556 3754 eo
580 3678 684 3753 modo
704 3701 861 3773 operante
886 3676 1069 3772 exspe'darc
1094 3678 1271 3774 poiiurnus.

191 3807 246 3907 ’.5
272 3800 437 3879 DXLIX.
465 3803 503 3875 In
524 3802 707 3893 'liJntpano-
725 3822 826 3883 caro,
852 3798 943 3892 quud
961 3799 1146 3892 appofitum
1171 3798 1218 3871 est
1241 3801 1294 3871 axi
1318 3800 1353 3894 in
1378 3788 1610 3884 Peritroehio,
1645 3782 1704 3866 vel'

169 3906 338 3985 Gerania,
361 3900 444 3992 saepe
467 3900 590 3972 incedit
613 3897 800 3984 homo,.vei
819 3900 953 3989 plures,
974 3895 1188 3971 velAninral:
1213 3918 1323 3989 eoque
1336 3894 1458 3969 inceffu
1472 3895 1577 3969 elevat
1593 3908 1701 3965 onusa

169 4002 288 4079 Homo
306 4004 339 4070 in
361 4018 517 4089 tympano
539 3998 694 4068 incedens
716 3996 824 4089 potest
844 3995 1038 4067 confideruri
1063 4017 1102 4066 ac
1136 3993 1158 4066 sr
1192 3992 1400 4067 adscenderet
1430 3992 1585 4082 scalam,
1617 3990 1704 4065 ideo

170 4124 240 4176 non
263 4094 369 4189 potest
385 4116 469 4168 tanta
483 4096 648 4169 eeleritate
663 4094 834 4177 incedere,
857 4113 892 4165 ut
916 4094 1013 4181 hora,
1033 4091 1135 4183 spatio
1159 4104 1359 4185 percurreret
1383 4092 1485 4183 pedes
1515 4113 1644 4183 14400.
1669 4084 1700 4163 u

172 4196 342 4271 dimidium
377 4215 547 4265 numerum
572 4194 694 4285 pedutn
723 4193 786 4263 five
814 4211 923 4284 7200.
955 4212 1144 4282 percurrat,
1173 4192 1235 4262 erit
1264 4210 1370 4263 totum
1404 4190 1494 4279 quod
1519 4186 1697 4282 exspectan

172 4295 277 4392 poistt.
329 4290 493 4363 Ponamus
517 4292 707 4361 diametrum
739 4292 882 4381 tympani
904 4287 969 4361 eise
1004 4308 1058 4382 ις.
1089 4288 1242 4380 pedum,
1275 4284 1318 4357 dc
1336 4286 1466 4379 pondus
1490 4284 1586 4357 dalius
1611 4307 1696 4377 tym-

173 4396 252 4489 pani
273 4390 336 4461 eue
360 4387 396 4460 lb
420 4389 545 4473 8000,
582 4388 637 4459 sed
666 4387 757 4459 srmul
780 4409 855 4458 cunr
879 4386 1025 4479 pondere
1048 4408 1168 4470 axeos,
1194 4382 1229 4455 dt
1254 4384 1360 4471 funis,
1384 4388 1443 4456 cui.
1461 4385 1623 4457 adnexum
1648 4378 1699 4451 est
1733 4434 1736 4438 .

177 4513 260 4564 onus
278 4490 477 4559 movendum
493 4485 580 4570 effe,
605 4481 639 4553 ib
660 4507 791 4557 10000:
817 4486 1007 4557 diametrum
1034 4507 1133 4554 uxeos
1156 4482 1219 4554 effe
1247 4509 1268 4555 2
1294 4484 1435 4573 pedtrtn,
1459 4504 1544 4554 onus
1568 4482 1697 4551 elevan-

177 4590 257 4661 dum
277 4584 341 4660 effe
363 4581 399 4659 ab
426 4585 521 4678 600,
545 4583 688 4659 hominis
707 4584 742 4659 ia
763 4603 918 4679 tympano
943 4582 1123 4657 incedentis
1144 4582 1284 4676 pondus·
1302 4578 1366 4654 effe
1391 4591 1426 4664 rb
1456 4599 1538 4672 150.
1610 4668 1642 4742 Τ
