4282 5962
242 184 284 205 ,.
331 290 411 381 aaa
563 279 654 370 na
692 270 1014 362 coaeoan
1050 268 1273 378 nua0,
1309 226 1629 386 rancun,

331 486 410 558 ideo
437 474 618 574 ponderosa
639 489 733 541 erunt
758 469 887 540 duriora
911 465 1108 549 levioribus,
1133 462 1229 537 densa
1253 466 1451 539 rarioribus:
1476 472 1511 544 id
1533 476 1568 546 in
1593 475 1751 571 metallis,
1775 484 1859 583 lapi.

331 581 447 665 dibus,
472 573 609 657 ollibus,
632 567 730 662 lignis
751 564 864 637 locum
888 564 1082 655 plerumque
1105 560 1214 633 habet.
1401 668 1405 675 Ι
1512 589 1532 679 ἶ·
1570 592 1576 601 ·
1813 604 1817 609 .

402 740 411 759 .
436 674 621 758 DCCLIl.
647 682 769 774 Corpus
795 668 927 775 Fragile
947 672 1175 768 appellamus,
1207 672 1298 765 quod
1320 672 1436 750 dutum
1460 678 1536 775 est,
1569 683 1624 757 sed
1649 678 1667 759 d
1692 683 1756 766 levi
1769 682 1857 789 'prir-

328 686 473 858 culone
504 779 683 874 frangitur,
708 776 808 849 veluti
833 779 879 847 eli
903 771 1036 864 chalybs
1053 775 1130 869 igne
1147 771 1311 845 induratus
1330 823 1343 859 ,
1365 775 1511 864 utrum,
1537 783 1607 851 vasa
1630 792 1854 877 porcellum

328 880 461 954 Horum
477 898 584 973 partes
595 873 698 946 linnae
713 873 849 965 quidem
862 871 968 943 valide
978 867 1222 957 cohaerescunt,
1246 866 1361 943 sedita
1377 869 1447 965 suqt
1467 895 1684 970 comparum,
1708 908 1745 958 ut
1759 889 1858 963 fimup

327 1000 367 1050 ac
398 976 449 1049 vel
480 972 639 1049 tantillum
661 971 680 1041 i
703 989 819 1043 mutuo
840 971 992 1042 contatm
1024 966 1237 1049 recellerint,
1269 964 1502 1053 dissolvantur,
1537 995 1600 1046 nec
1613 976 1666 1050 'in'
1681 984 1859 1072 pristinum

326 1076 514 1146 contraitum
537 1069 696 1141 redeant:
729 1067 807 1138 ideo
835 1085 958 1138 tremor
983 1065 1133 1137 indueus
1157 1064 1302 1153 partibus
1325 1084 1380 1135 eas
1404 1065 1566 1158 dissolvit,
1598 1080 1794 1171 penitusque
1821 1087 1860 1156 in

188 1202 193 1219 =
320 1169 454 1252 frustula
477 1169 579 1241 totam
602 1163 725 1239 molem
745 1165 966 1249 comminuit,
1000 1160 1093 1254 quod
1121 1159 1226 1233 valida
1249 1160 1411 1251 percuffio
1431 1165 1580 1267 prastarq
1604 1174 1744 1264 nequit:
1778 1180 1857 1252 Sili·

319 1290 396 1340 cem
420 1264 535 1350 molli,
559 1262 713 1345 elallico,
737 1261 895 1352 pulvinari
918 1263 1075 1352 impone,
1099 1258 1240 1348 eumque
1264 1256 1404 1346 malleo,
1429 1262 1495 1334 istu
1519 1286 1588 1337 non
1612 1288 1748 1368 magno,
1772 1298 1853 1366 per·

316 1385 419 1456 cute,
444 1383 481 1436 ut
501 1379 608 1454 partes
635 1358 738 1431 modo
757 1356 1025 1442 contremiscant,
1050 1353 1127 1426 filex
1144 1356 1178 1425 in
1201 1352 1331 1425 frustula
1355 1356 1464 1428 cadet:
1489 1360 1512 1431 fi
1537 1384 1645 1436 autem
1670 1369 1703 1440 in
1728 1372 1852 1447 incude

319 1462 464 1534 eundem
487 1458 608 1531 filicem
630 1456 718 1553 gravi
743 1453 863 1527 maleo
892 1448 929 1525 δι
950 1452 1136 1526 vehementi
1158 1448 1462 1543 illupetcufferis,
1497 1478 1617 1549 paucas
1640 1461 1708 1536 fmn
1767 1475 1852 1544 'ex-

320 1561 493 1648 cutppsque
513 1572 652 1646 partes,
687 1550 776 1621 mole
800 1548 965 1641 superstite
993 1551 1130 1715 intqgta.
1187 1544 1289 1661 Siruili
1313 1547 1417 1663 modo
1441 1557 1603 1629 cantando
1629 1560 1715 1652 Scyp
1739 1587 1777 1637 os
1802 1571 1853 1639 vi·

315 1674 406 1725 creos
424 1652 572 1816 lrangeff
594 1645 784 1740 pollemus:
810 1642 846 1716 dt
870 1665 933 1719 ova
955 1641 1051 1717 Philo
1064 1644 1186 1740 opitica
1207 1663 1325 1731 vitrea,
1351 1649 1476 1741 tnjediis
1500 1670 1624 1727 tantum
1649 1657 1853 1754 levibasda

310 1746 587 1840 mmws
1161 1832 1222 1847 ,.
1486 1788 1667 1843 ·-’
1772 1836 1840 1849 Μ

361 1853 394 1954 q.
419 1854 615 1930 DCCLllL
641 1857 766 1951 Corpus
789 1856 896 1950 Fiffi'le
919 1854 1151 1950 appellamus,
1174 1857 1267 1949 quod
1289 1878 1331 1929 ex
1355 1859 1511 1961 impolitis
1535 1867 1659 1942 conllat
1681 1869 1841 1966 lamellis:

372 1974 506 2048 tesque,
530 1953 707 2047 quamlibet
723 1954 885 2025 lamellam
906 1974 1170 2048 componentes,
1191 1953 1320 2033 firmius
1339 1955 1448 2041 secum
1470 1960 1713 2053 cohaerescunt,
1740 1991 1841 2063 quarn

305 1975 441 2125 ffiretla
469 2072 545 2124 cum
568 2051 734 2145 adjacente
757 2050 903 2123 lamella:
929 2050 1085 2123 aliulatim
1109 2052 1206 2146 igitur
1228 2050 1415 2144 h¹¹l⁰¹¹⁸¹¹¹0di
1438 2076 1559 2150 c⁰¹l³¹¹⁵
1573 2054 1755 2158 ffflngl‘ufa
1775 2069 1842 2142 five

308 2148 345 2221 in
366 2149 508 2221 lamellas
531 2147 683 2235 finditur,
709 2146 923 2237 solviturque:
948 2151 993 2218 ita
1006 2148 1053 2218 est
1066 2146 1197 2219 Vittum
1221 2146 1498 2238 Mulcoviticum,
1522 2152 1622 2247 Lapis
1647 2161 1816 2236 Ardefius.

355 2245 518 2318 videntur
540 2266 647 2338 partes
668 2243 839 2337 cujuslibet
863 2243 1002 2315 lamellae
1034 2243 1181 2336 ejusdem
1213 2244 1277 2317 effe
1300 2250 1459 2341 genens,
1484 2246 1519 2321 dr
1544 2252 1663 2327 eodem
1689 2276 1839 2351 ternpore

305 2341 485 2429 formata,
526 2344 670 2434 aliasque
699 2339 842 2411 lamellas
869 2339 936 2410 alio
967 2358 1118 2431 tempore
1148 2338 1304 2413 formatas
1336 2344 1385 2417 ab.
1403 2344 1476 2429 &llll
1495 2348 1669 2439 partibus,
1701 2353 1837 2433 lamellae

307 2441 412 2531 priori
433 2439 556 2511 duratae
575 2435 799 2520 affluentibus,
824 2429 860 2506 a
886 2436 1000 2527 postea
1023 2457 1099 2508 curn
1114 2435 1176 2507 hac
1191 2439 1298 2508 minus
1312 2437 1747 2539 cohaerescentibus,'quam
1763 2476 1836 2544 que

306 2535 487 2626 quamlibet
505 2535 667 2608 lamellam
685 2533 903 2605 constituunt:
927 2532 1057 2604 fuerunt
1078 2552 1186 2603 autem
1211 2537 1299 2624 prius
1324 2531 1452 2620 fluidae,
1477 2541 1660 2633 constantes
1676 2568 1716 2617 ea
1738 2551 1839 2643 Aqua¹

303 2627 344 2702 dt
360 2632 493 2716 Tenis,
517 2626 755 2718 involvuntque
768 2627 855 2716 saepe
865 2646 1028 2716 corpora,
1052 2629 1139 2695 circa
1161 2640 1236 2713 quae
1261 2624 1443 2710 fluxerunt,
1470 2633 1667 2711 unde-inter
1691 2643 1836 2724 lamellas

149 2754 153 2761 ·
303 2729 512 2798 inveniuntur
534 2742 773 2813 nonnunquam
795 2719 920 2812 pisces,
945 2721 1111 2804 bitumen,
1135 2713 1172 2789 ἀ
1188 2716 1251 2788 alla
1264 2720 1386 2809 quavis
1398 2741 1549 2815 corpora
1601 2733 1723 2810 Multae
1737 2747 1837 2820 etiam

303 2823 436 2990 arbgres
460 2821 627 2893 materiem
651 2817 820 2911 prebent,
844 2836 887 2889 ex
907 2837 973 2911 qua
995 2814 1102 2887 filliles
1125 2812 1304 2902 scandula,
1329 2814 1371 2889 ad
1394 2838 1495 2913 cupas
1520 2823 1646 2918 aliaque
1670 2833 1836 2931 secamm,

303 2937 337 2990 ta
381 2936 451 2991 unt.

353 3029 385 3132 §.
409 3029 608 3106 DCCLIV.
634 3034 757 3125 Corpus
780 3029 873 3105 molle
903 3048 1058 3103 vocamus
1090 3028 1150 3114 id,
1184 3029 1278 3119 quod
1309 3036 1375 3103 tam
1390 3052 1522 3127 ‘parunt
1545 3034 1661 3113 durum
1685 3044 1758 3137 est,
1791 3070 1829 3123 ut

300 3150 411 3227 partes
437 3128 584 3223 respedlu
605 3128 785 3202 nostrarum
805 3129 922 3199 virium
934 3123 1164 3217 comprelironi
1187 3127 1315 3221 exiguae
1339 3126 1477 3215 cedant,
1502 3152 1558 3205 aut
1579 3133 1675 3209 facile
1700 3142 1742 3212 ab
1760 3144 1831 3218 allis

299 3230 446 3394 partibdqs
466 3226 588 3393 pgassint
610 3221 915 3391 solgiissepararive:
947 3224 992 3294 ita
1015 3219 1276 3313 estbutytum,
1299 3221 1406 3313 Mel,
1430 3224 1562 3316 suber,
1586 3232 1714 3335 :argilla
1739 3238 1833 3339 figuli

299 3323 841 3414 humi‚poviri··
1220 3334 1429 3419 ·’,“
1595 3356 1670 3401 .·

348 3431 381 3533 q.
405 3427 585 3504 DCCLV.
611 3430 768 3527 Corpora
792 3434 907 3509 mollia
927 3452 1166 3529 nonnunquam
1188 3432 1330 3509 evadunt
1344 3434 1445 3523 dura,
1470 3432 1600 3515 &dura
1616 3443 1830 3527 mollescunt:

299 3530 356 3603 sed
379 3529 497 3601 limites
517 3528 651 3621 quando
671 3526 787 3603 delinit
809 3531 983 3619 mollities,
1007 3532 1187 3625 incipitque
1210 3530 1366 3622 durities,
1391 3528 1428 3606 dt
1451 3556 1585 3626 contra,
1609 3542 1754 3643 assignari
1770 3572 1828 3623 ne·

299 3646 439 3721 queunt.
467 3625 593 3725 Argilla
608 3627 741 3699 humida
757 3650 892 3702 vocatur
913 3627 1042 3717 mollis,
1068 3628 1123 3700 sed
1146 3650 1320 3723 quousque
1343 3631 1390 3703 est
1413 3632 1633 3725 exlicoenda,
1656 3661 1692 3712 ut
1715 3647 1831 3737 appel·

299 3724 386 3798 letur
409 3725 512 3797 dura‘l
537 3722 667 3798 Adulto
683 3725 885 3820 robustoque
907 3727 1008 3801 molle
1022 3726 1170 3812 dicetur,
1195 3728 1287 3818 quod
1311 3728 1428 3800 durum
1453 3730 1499 3801 est
1523 3735 1678 3805 imbecilli
1695 3740 1836 3821 infanti:

299 3818 490 3916 Elephanto
511 3820 615 3895 luttrm
627 3822 791 3896 videbitur
812 3823 940 3906 molle,
972 3822 1226 3919 quodfiomnino
1251 3822 1367 3897 durum
1390 3824 1437 3895 est
1461 3826 1578 3898 muscae
1603 3826 1638 3900 ἃ
1661 3829 1832 3915 formica:

302 3920 471 4013 Adeoque
494 3915 684 3992 durities&
708 3920 862 3991 mollities
886 3920 1075 3990 relationem
1096 3916 1291 3989 adnostros
1314 3916 1440 4007 sensus,
1464 3921 1651 4019 nostrasque
1674 3933 1758 4004 vires
1772 3934 1833 4013 ha-j
1863 4006 1867 4011 ,

301 4019 399 4088 bent:
425 4019 583 4090 Attamen
603 4034 697 4085 erunt
714 4016 827 4085 mollia
850 4014 943 4086 valde
966 4012 1105 4105 porosa,
1129 4010 1206 4084 ideo
1230 4011 1342 4104 prelia:
1366 4036 1474 4109 partes
1484 4017 1579 4093 facile
1593 4025 1718 4099 vicinos
1734 4036 1832 4107 mea·'

300 4131 351 4183 tus
378 4114 504 4209 ingredi
523 4110 663 4204 poliunt.
711 4110 810 4183 Dura
831 4108 1062 4196 emolliuntur,
1086 4107 1219 4201 quando
1245 4111 1328 4184 inter
1352 4133 1459 4206 partes
1490 4119 1637 4213 irrepunt
1660 4125 1722 4196 alia
1747 4150 1822 4203 cor·

300 4207 459 4301 puscula,
497 4230 572 4302 quae
598 4224 705 4300 partes
737 4228 757 4278 a
787 4208 931 4299 pambus
962 4205 1163 4299 aliquantum
1188 4224 1377 4284 removent:
1414 4215 1458 4287 ita
1483 4214 1550 4290 olla
1573 4220 1765 4298 mollescunt
1788 4231 1824 4302 in

302 4303 433 4392 Aceto,
458 4304 552 4377 Ebur
567 4307 603 4377 in
627 4301 751 4396 Lade,
775 4304 827 4379 vel
846 4306 881 4378 in
903 4302 1016 4399 Slnapi
1034 4304 1092 4378 diu
1115 4303 1262 4381 relidunt
1288 4306 1383 4406 (a),
1406 4311 1468 4389 alia
1491 4317 1527 4390 in
1552 4314 1663 4410 Aqua.

536 4522 539 4527 Ι
1580 4430 1823 4535 §DCCLVL

339 4601 396 4691 (a)
415 4603 567 4672 l'lilllolra
589 4603 627 4671 de
648 4552 761 4671 l'bctd
780 4605 860 4686 aoy.
884 4604 944 4673 aa.
959 4617 1047 4685 rua·
1066 4621 1134 4690 ptr·
1146 4600 1199 4683 ld-
