<?xml version="1.0" encoding="UTF-8"?>
<!DOCTYPE html PUBLIC "-//W3C//DTD XHTML 1.0 Transitional//EN"
    "http://www.w3.org/TR/xhtml1/DTD/xhtml1-transitional.dtd">
<html xmlns="http://www.w3.org/1999/xhtml" xml:lang="en" lang="en">
 <head>
  <title>
</title>
<meta http-equiv="Content-Type" content="text/html;charset=utf-8" />
  <meta name='ocr-system' content='tesseract 3.04.00' />
  <meta name='ocr-capabilities' content='ocr_page ocr_carea ocr_par ocr_line ocrx_word'/>
</head>
<body>
  <div class='ocr_page' id='page_1' title='image "./introductioadph01lulogoog_0048.png"; bbox 0 0 4282 5962; ppageno 0'>
   <div class='ocr_carea' id='block_1_1' title="bbox 233 154 1645 272">
    <p class='ocr_par' dir='ltr' id='par_1_1' title="bbox 233 154 1645 272">
     <span class='ocr_line' id='line_1_1' title="bbox 233 154 1645 272; baseline -0.003 -20"><span class='ocrx_word' id='word_1_1' title='bbox 233 154 1497 253; x_wconf 78' lang='lat' dir='ltr'><em>usnucuuiseiiiuosoaiiaisui.</em></span> <span class='ocrx_word' id='word_1_2' title='bbox 1598 191 1645 272; x_wconf 66' lang='grc' dir='ltr'><em>ις</em></span> 
     </span>
    </p>
   </div>
   <div class='ocr_carea' id='block_1_2' title="bbox 100 354 1666 2395">
    <p class='ocr_par' dir='ltr' id='par_1_2' title="bbox 101 354 1641 750">
     <span class='ocr_line' id='line_1_2' title="bbox 151 354 1640 459; baseline 0.003 -27"><span class='ocrx_word' id='word_1_3' title='bbox 151 364 184 459; x_wconf 64' lang='lat' dir='ltr'><em>s.</em></span> <span class='ocrx_word' id='word_1_4' title='bbox 214 358 379 432; x_wconf 87' lang='lat' dir='ltr'>XXXVI.</span> <span class='ocrx_word' id='word_1_5' title='bbox 408 358 450 430; x_wconf 89' lang='lat' dir='ltr'><em>In</em></span> <span class='ocrx_word' id='word_1_6' title='bbox 473 354 686 453; x_wconf 46' lang='lat' dir='ltr'><em>Philosophia</em></span> <span class='ocrx_word' id='word_1_7' title='bbox 713 359 956 451; x_wconf 82' lang='lat' dir='ltr'><em>experimentali</em></span> <span class='ocrx_word' id='word_1_8' title='bbox 974 365 1199 452; x_wconf 81' lang='lat' dir='ltr'><em>propoficionrs</em></span> <span class='ocrx_word' id='word_1_9' title='bbox 1222 383 1261 432; x_wconf 81' lang='lat' dir='ltr'><em>ex</em></span> <span class='ocrx_word' id='word_1_10' title='bbox 1279 362 1493 454; x_wconf 79' lang='lat' dir='ltr'><em>phenomenis</em></span> <span class='ocrx_word' id='word_1_11' title='bbox 1504 385 1565 456; x_wconf 88' lang='lat' dir='ltr'><em>per</em></span> <span class='ocrx_word' id='word_1_12' title='bbox 1587 370 1640 436; x_wconf 88' lang='lat' dir='ltr'><em>in·</em></span> 
     </span>
     <span class='ocr_line' id='line_1_3' title="bbox 102 456 1638 554; baseline -0.003 -17"><span class='ocrx_word' id='word_1_13' title='bbox 102 463 278 539; x_wconf 73' lang='lat' dir='ltr'><em>toutonem</em></span> <span class='ocrx_word' id='word_1_14' title='bbox 295 460 446 548; x_wconf 74' lang='lat' dir='ltr'><em>uolsella,</em></span> <span class='ocrx_word' id='word_1_15' title='bbox 471 480 533 528; x_wconf 90' lang='lat' dir='ltr'><em>non</em></span> <span class='ocrx_word' id='word_1_16' title='bbox 549 456 745 551; x_wconf 80' lang='lat' dir='ltr'><em>obstantibus</em></span> <span class='ocrx_word' id='word_1_17' title='bbox 760 461 931 530; x_wconf 78' lang='lat' dir='ltr'><em>contrariis</em></span> <span class='ocrx_word' id='word_1_18' title='bbox 946 459 1188 554; x_wconf 82' lang='lat' dir='ltr'><em>hypothestbies‚</em></span> <span class='ocrx_word' id='word_1_19' title='bbox 1210 480 1271 553; x_wconf 88' lang='lat' dir='ltr'><em>pro</em></span> <span class='ocrx_word' id='word_1_20' title='bbox 1287 463 1376 531; x_wconf 87' lang='lat' dir='ltr'><em>veris</em></span> <span class='ocrx_word' id='word_1_21' title='bbox 1392 478 1450 532; x_wconf 88' lang='lat' dir='ltr'><em>ant</em></span> <span class='ocrx_word' id='word_1_22' title='bbox 1467 481 1638 554; x_wconf 79' lang='lat' dir='ltr'><em>auctorate,</em></span> 
     </span>
     <span class='ocr_line' id='line_1_4' title="bbox 105 553 1641 658; baseline -0.003 -22"><span class='ocrx_word' id='word_1_23' title='bbox 105 578 281 658; x_wconf 77' lang='lat' dir='ltr'><em>autquarta</em></span> <span class='ocrx_word' id='word_1_24' title='bbox 302 562 448 653; x_wconf 76' lang='lat' dir='ltr'><em>prorum</em></span> <span class='ocrx_word' id='word_1_25' title='bbox 461 553 543 646; x_wconf 85' lang='lat' dir='ltr'><em>sant</em></span> <span class='ocrx_word' id='word_1_26' title='bbox 560 556 738 648; x_wconf 72' lang='lat' dir='ltr'><em>habenda,</em></span> <span class='ocrx_word' id='word_1_27' title='bbox 760 557 854 628; x_wconf 81' lang='lat' dir='ltr'><em>donec</em></span> <span class='ocrx_word' id='word_1_28' title='bbox 877 559 945 629; x_wconf 85' lang='lat' dir='ltr'><em>alia</em></span> <span class='ocrx_word' id='word_1_29' title='bbox 969 563 1161 632; x_wconf 84' lang='lat' dir='ltr'><em>occurrerint</em></span> <span class='ocrx_word' id='word_1_30' title='bbox 1168 559 1399 654; x_wconf 64' lang='lat' dir='ltr'><em>phoenomena,</em></span> <span class='ocrx_word' id='word_1_31' title='bbox 1417 579 1479 652; x_wconf 86' lang='lat' dir='ltr'><em>per</em></span> <span class='ocrx_word' id='word_1_32' title='bbox 1494 584 1564 653; x_wconf 87' lang='lat' dir='ltr'><em>qnae</em></span> <span class='ocrx_word' id='word_1_33' title='bbox 1580 576 1641 632; x_wconf 86' lang='lat' dir='ltr'><em>aut</em></span> 
     </span>
     <span class='ocr_line' id='line_1_5' title="bbox 101 656 1061 750; baseline -0.006 -15"><span class='ocrx_word' id='word_1_34' title='bbox 101 663 319 735; x_wconf 76' lang='lat' dir='ltr'><em>accuratiores</em></span> <span class='ocrx_word' id='word_1_35' title='bbox 339 656 555 748; x_wconf 81' lang='lat' dir='ltr'><em>redduntur,</em></span> <span class='ocrx_word' id='word_1_36' title='bbox 585 671 645 728; x_wconf 88' lang='lat' dir='ltr'><em>aut</em></span> <span class='ocrx_word' id='word_1_37' title='bbox 662 657 894 750; x_wconf 67' lang='lat' dir='ltr'><em>ereptionibus</em></span> <span class='ocrx_word' id='word_1_38' title='bbox 908 658 1061 730; x_wconf 73' lang='lat' dir='ltr'><em>obnata.</em></span> 
     </span>
    </p>

    <p class='ocr_par' dir='ltr' id='par_1_3' title="bbox 100 753 1666 2395">
     <span class='ocr_line' id='line_1_6' title="bbox 152 753 1641 848; baseline -0.005 -17"><span class='ocrx_word' id='word_1_39' title='bbox 152 757 242 831; x_wconf 89' lang='lat' dir='ltr'><em>Nam</em></span> <span class='ocrx_word' id='word_1_40' title='bbox 262 758 296 827; x_wconf 90' lang='lat' dir='ltr'><em>in</em></span> <span class='ocrx_word' id='word_1_41' title='bbox 317 756 464 826; x_wconf 83' lang='lat' dir='ltr'><em>examine</em></span> <span class='ocrx_word' id='word_1_42' title='bbox 477 775 591 827; x_wconf 85' lang='lat' dir='ltr'><em>reruni</em></span> <span class='ocrx_word' id='word_1_43' title='bbox 602 775 758 825; x_wconf 86' lang='lat' dir='ltr'><em>novarum</em></span> <span class='ocrx_word' id='word_1_44' title='bbox 770 755 818 824; x_wconf 88' lang='lat' dir='ltr'><em>uti</em></span> <span class='ocrx_word' id='word_1_45' title='bbox 833 773 965 845; x_wconf 83' lang='lat' dir='ltr'><em>oportet</em></span> <span class='ocrx_word' id='word_1_46' title='bbox 979 755 1136 846; x_wconf 84' lang='lat' dir='ltr'><em>Analysi,</em></span> <span class='ocrx_word' id='word_1_47' title='bbox 1155 776 1326 848; x_wconf 84' lang='lat' dir='ltr'><em>antequam</em></span> <span class='ocrx_word' id='word_1_48' title='bbox 1340 756 1382 826; x_wconf 87' lang='lat' dir='ltr'><em>ad</em></span> <span class='ocrx_word' id='word_1_49' title='bbox 1398 753 1553 846; x_wconf 80' lang='lat' dir='ltr'><em>synthefin</em></span> <span class='ocrx_word' id='word_1_50' title='bbox 1567 773 1641 843; x_wconf 90' lang='lat' dir='ltr'><em>per-</em></span> 
     </span>
     <span class='ocr_line' id='line_1_7' title="bbox 102 848 1645 952; baseline -0.005 -25"><span class='ocrx_word' id='word_1_51' title='bbox 102 876 181 952; x_wconf 82' lang='lat' dir='ltr'><em>gere</em></span> <span class='ocrx_word' id='word_1_52' title='bbox 201 855 277 927; x_wconf 88' lang='lat' dir='ltr'><em>sicet</em></span> <span class='ocrx_word' id='word_1_53' title='bbox 290 875 305 923; x_wconf 81' lang='lat' dir='ltr'><em>t·</em></span> <span class='ocrx_word' id='word_1_54' title='bbox 332 852 480 941; x_wconf 84' lang='lat' dir='ltr'><em>Analyfis</em></span> <span class='ocrx_word' id='word_1_55' title='bbox 497 852 624 948; x_wconf 84' lang='lat' dir='ltr'><em>colligit</em></span> <span class='ocrx_word' id='word_1_56' title='bbox 644 851 865 942; x_wconf 71' lang='lat' dir='ltr'><em>phrenomena</em></span> <span class='ocrx_word' id='word_1_57' title='bbox 884 853 937 924; x_wconf 91' lang='lat' dir='ltr'><em>vel</em></span> <span class='ocrx_word' id='word_1_58' title='bbox 961 853 1096 925; x_wconf 77' lang='lat' dir='ltr'><em>essenus</em></span> <span class='ocrx_word' id='word_1_59' title='bbox 1118 876 1224 927; x_wconf 83' lang='lat' dir='ltr'><em>ictum</em></span> <span class='ocrx_word' id='word_1_60' title='bbox 1250 857 1416 928; x_wconf 87' lang='lat' dir='ltr'><em>obviatum</em></span> <span class='ocrx_word' id='word_1_61' title='bbox 1447 848 1481 923; x_wconf 71' lang='grc' dir='ltr'>ἂ</span> <span class='ocrx_word' id='word_1_62' title='bbox 1503 848 1645 945; x_wconf 83' lang='lat' dir='ltr'><em>singula--</em></span> 
     </span>
     <span class='ocr_line' id='line_1_8' title="bbox 103 947 1642 1043; baseline -0.006 -19"><span class='ocrx_word' id='word_1_63' title='bbox 103 955 213 1034; x_wconf 76' lang='lat' dir='ltr'><em>num,</em></span> <span class='ocrx_word' id='word_1_64' title='bbox 236 973 315 1039; x_wconf 87' lang='lat' dir='ltr'><em>quoe</em></span> <span class='ocrx_word' id='word_1_65' title='bbox 333 954 578 1016; x_wconf 80' lang='lat' dir='ltr'><em>examinantur:</em></span> <span class='ocrx_word' id='word_1_66' title='bbox 611 962 708 1032; x_wconf 87' lang='lat' dir='ltr'><em>atque</em></span> <span class='ocrx_word' id='word_1_67' title='bbox 727 963 768 1013; x_wconf 88' lang='lat' dir='ltr'><em>ex</em></span> <span class='ocrx_word' id='word_1_68' title='bbox 783 947 951 1016; x_wconf 76' lang='lat' dir='ltr'><em>effectibus</em></span> <span class='ocrx_word' id='word_1_69' title='bbox 964 956 1067 1033; x_wconf 90' lang='lat' dir='ltr'><em>eruit,</em></span> <span class='ocrx_word' id='word_1_70' title='bbox 1093 951 1115 1020; x_wconf 87' lang='lat' dir='ltr'><em>si</em></span> <span class='ocrx_word' id='word_1_71' title='bbox 1136 951 1271 1043; x_wconf 90' lang='lat' dir='ltr'><em>potest,</em></span> <span class='ocrx_word' id='word_1_72' title='bbox 1302 954 1463 1042; x_wconf 87' lang='lat' dir='ltr'><em>potentias</em></span> <span class='ocrx_word' id='word_1_73' title='bbox 1491 950 1543 1021; x_wconf 89' lang='lat' dir='ltr'><em>vel</em></span> <span class='ocrx_word' id='word_1_74' title='bbox 1565 968 1642 1016; x_wconf 90' lang='lat' dir='ltr'><em>cau·</em></span> 
     </span>
     <span class='ocr_line' id='line_1_9' title="bbox 103 1040 1647 1138; baseline -0.006 -17"><span class='ocrx_word' id='word_1_75' title='bbox 103 1047 179 1131; x_wconf 79' lang='lat' dir='ltr'><em>saa,</em></span> <span class='ocrx_word' id='word_1_76' title='bbox 197 1060 276 1137; x_wconf 78' lang='lat' dir='ltr'><em>quae</em></span> <span class='ocrx_word' id='word_1_77' title='bbox 302 1041 439 1114; x_wconf 75' lang='lat' dir='ltr'><em>effossus</em></span> <span class='ocrx_word' id='word_1_78' title='bbox 462 1040 634 1111; x_wconf 89' lang='lat' dir='ltr'><em>adnotatos</em></span> <span class='ocrx_word' id='word_1_79' title='bbox 662 1061 838 1129; x_wconf 86' lang='lat' dir='ltr'><em>operantur</em></span> <span class='ocrx_word' id='word_1_80' title='bbox 854 1065 870 1109; x_wconf 75' lang='lat' dir='ltr'><em>a</em></span> <span class='ocrx_word' id='word_1_81' title='bbox 908 1042 1061 1135; x_wconf 77' lang='lat' dir='ltr'><em>Sequela:</em></span> <span class='ocrx_word' id='word_1_82' title='bbox 1081 1068 1124 1117; x_wconf 89' lang='lat' dir='ltr'><em>ex</em></span> <span class='ocrx_word' id='word_1_83' title='bbox 1146 1046 1376 1138; x_wconf 79' lang='lat' dir='ltr'><em>phaenomenis</em></span> <span class='ocrx_word' id='word_1_84' title='bbox 1397 1047 1545 1117; x_wconf 80' lang='lat' dir='ltr'><em>sonnatae</em></span> <span class='ocrx_word' id='word_1_85' title='bbox 1571 1043 1647 1113; x_wconf 85' lang='lat' dir='ltr'><em>sunt.</em></span> 
     </span>
     <span class='ocr_line' id='line_1_10' title="bbox 101 1136 1642 1239; baseline -0.004 -23"><span class='ocrx_word' id='word_1_86' title='bbox 101 1143 372 1239; x_wconf 72' lang='lat' dir='ltr'><em>propositiones,</em></span> <span class='ocrx_word' id='word_1_87' title='bbox 403 1162 483 1230; x_wconf 77' lang='lat' dir='ltr'><em>qun·</em></span> <span class='ocrx_word' id='word_1_88' title='bbox 510 1139 655 1229; x_wconf 60' lang='lat' dir='ltr'><em>primum*</em></span> <span class='ocrx_word' id='word_1_89' title='bbox 671 1136 742 1209; x_wconf 91' lang='lat' dir='ltr'><em>sunt</em></span> <span class='ocrx_word' id='word_1_90' title='bbox 766 1140 1002 1229; x_wconf 82' lang='lat' dir='ltr'><em>particulares,</em></span> <span class='ocrx_word' id='word_1_91' title='bbox 1029 1143 1084 1213; x_wconf 93' lang='lat' dir='ltr'><em>sed</em></span> <span class='ocrx_word' id='word_1_92' title='bbox 1108 1144 1202 1214; x_wconf 81' lang='lat' dir='ltr'><em>sihor</em></span> <span class='ocrx_word' id='word_1_93' title='bbox 1229 1143 1435 1233; x_wconf 81' lang='lat' dir='ltr'><em>multitudine</em></span> <span class='ocrx_word' id='word_1_94' title='bbox 1456 1145 1642 1215; x_wconf 86' lang='lat' dir='ltr'><em>examinum</em></span> 
     </span>
     <span class='ocr_line' id='line_1_11' title="bbox 102 1234 1648 1335; baseline -0.005 -20"><span class='ocrx_word' id='word_1_95' title='bbox 102 1242 185 1315; x_wconf 83' lang='lat' dir='ltr'><em>fiunt</em></span> <span class='ocrx_word' id='word_1_96' title='bbox 206 1239 424 1323; x_wconf 80' lang='lat' dir='ltr'><em>universales,</em></span> <span class='ocrx_word' id='word_1_97' title='bbox 460 1235 604 1308; x_wconf 75' lang='lat' dir='ltr'><em>induisse</em></span> <span class='ocrx_word' id='word_1_98' title='bbox 630 1236 690 1305; x_wconf 91' lang='lat' dir='ltr'><em>erit</em></span> <span class='ocrx_word' id='word_1_99' title='bbox 717 1235 927 1309; x_wconf 85' lang='lat' dir='ltr'><em>universalis:</em></span> <span class='ocrx_word' id='word_1_100' title='bbox 963 1239 1023 1310; x_wconf 91' lang='lat' dir='ltr'><em>Uti</em></span> <span class='ocrx_word' id='word_1_101' title='bbox 1047 1240 1070 1310; x_wconf 88' lang='lat' dir='ltr'><em>si</em></span> <span class='ocrx_word' id='word_1_102' title='bbox 1094 1243 1253 1314; x_wconf 87' lang='lat' dir='ltr'><em>inveniam</em></span> <span class='ocrx_word' id='word_1_103' title='bbox 1275 1244 1384 1335; x_wconf 88' lang='lat' dir='ltr'><em>ignem</em></span> <span class='ocrx_word' id='word_1_104' title='bbox 1405 1241 1584 1312; x_wconf 87' lang='lat' dir='ltr'><em>terrestrem</em></span> <span class='ocrx_word' id='word_1_105' title='bbox 1605 1234 1648 1308; x_wconf 74' lang='lat' dir='ltr'><em>du</em></span> 
     </span>
     <span class='ocr_line' id='line_1_12' title="bbox 101 1334 1641 1436; baseline -0.003 -24"><span class='ocrx_word' id='word_1_106' title='bbox 101 1338 187 1413; x_wconf 84' lang='lat' dir='ltr'><em>Solis</em></span> <span class='ocrx_word' id='word_1_107' title='bbox 213 1336 392 1411; x_wconf 81' lang='lat' dir='ltr'><em>mresacere</em></span> <span class='ocrx_word' id='word_1_108' title='bbox 419 1352 531 1407; x_wconf 88' lang='lat' dir='ltr'><em>aurum</em></span> <span class='ocrx_word' id='word_1_109' title='bbox 547 1383 565 1419; x_wconf 86' lang='lat'><em>,</em></span> <span class='ocrx_word' id='word_1_110' title='bbox 594 1334 852 1424; x_wconf 81' lang='lat' dir='ltr'><em>propositionem</em></span> <span class='ocrx_word' id='word_1_111' title='bbox 874 1336 1071 1433; x_wconf 81' lang='lat' dir='ltr'><em>singularem</em></span> <span class='ocrx_word' id='word_1_112' title='bbox 1081 1340 1222 1424; x_wconf 84' lang='lat' dir='ltr'><em>condo,</em></span> <span class='ocrx_word' id='word_1_113' title='bbox 1262 1341 1396 1413; x_wconf 84' lang='lat' dir='ltr'><em>Aurum</em></span> <span class='ocrx_word' id='word_1_114' title='bbox 1421 1341 1463 1411; x_wconf 86' lang='lat' dir='ltr'><em>ab</em></span> <span class='ocrx_word' id='word_1_115' title='bbox 1490 1343 1560 1436; x_wconf 86' lang='lat' dir='ltr'><em>igne</em></span> <span class='ocrx_word' id='word_1_116' title='bbox 1581 1361 1641 1408; x_wconf 91' lang='lat' dir='ltr'><em>ra·</em></span> 
     </span>
     <span class='ocr_line' id='line_1_13' title="bbox 101 1431 1650 1533; baseline -0.005 -22"><span class='ocrx_word' id='word_1_117' title='bbox 101 1437 221 1533; x_wconf 83' lang='lat' dir='ltr'><em>roscit,</em></span> <span class='ocrx_word' id='word_1_118' title='bbox 244 1434 364 1507; x_wconf 59' lang='lat' dir='ltr'><em>&amp;inde</em></span> <span class='ocrx_word' id='word_1_119' title='bbox 386 1434 407 1507; x_wconf 80' lang='lat' dir='ltr'><em>s</em></span> <span class='ocrx_word' id='word_1_120' title='bbox 427 1434 608 1509; x_wconf 78' lang='lat' dir='ltr'><em>examinem</em></span> <span class='ocrx_word' id='word_1_121' title='bbox 640 1431 764 1524; x_wconf 89' lang='lat' dir='ltr'><em>reliqua</em></span> <span class='ocrx_word' id='word_1_122' title='bbox 789 1433 946 1520; x_wconf 89' lang='lat' dir='ltr'><em>metalla,</em></span> <span class='ocrx_word' id='word_1_123' title='bbox 980 1436 1187 1507; x_wconf 88' lang='lat' dir='ltr'><em>semimetalla</em></span> <span class='ocrx_word' id='word_1_124' title='bbox 1203 1468 1220 1521; x_wconf 89' lang='lat'><em>,·</em></span> <span class='ocrx_word' id='word_1_125' title='bbox 1240 1436 1341 1507; x_wconf 88' lang='lat' dir='ltr'><em>niulta</em></span> <span class='ocrx_word' id='word_1_126' title='bbox 1366 1435 1503 1521; x_wconf 67' lang='lat' dir='ltr'><em>ianua,</em></span> <span class='ocrx_word' id='word_1_127' title='bbox 1537 1451 1650 1528; x_wconf 87' lang='lat' dir='ltr'><em>partes·</em></span> 
     </span>
     <span class='ocr_line' id='line_1_14' title="bbox 100 1528 1648 1628; baseline -0.004 -21"><span class='ocrx_word' id='word_1_128' title='bbox 100 1537 252 1626; x_wconf 86' lang='lat' dir='ltr'><em>corporis</em></span> <span class='ocrx_word' id='word_1_129' title='bbox 275 1530 442 1616; x_wconf 81' lang='lat' dir='ltr'><em>animalis,</em></span> <span class='ocrx_word' id='word_1_130' title='bbox 470 1528 733 1626; x_wconf 62' lang='lat' dir='ltr'><em>&amp;vegetium</em></span> <span class='ocrx_word' id='word_1_131' title='bbox 760 1553 838 1622; x_wconf 87' lang='lat' dir='ltr'><em>quae</em></span> <span class='ocrx_word' id='word_1_132' title='bbox 853 1535 1075 1605; x_wconf 88' lang='lat' dir='ltr'><em>omniaetiam</em></span> <span class='ocrx_word' id='word_1_133' title='bbox 1095 1537 1136 1605; x_wconf 89' lang='lat' dir='ltr'><em>ab</em></span> <span class='ocrx_word' id='word_1_134' title='bbox 1153 1537 1230 1628; x_wconf 85' lang='lat' dir='ltr'><em>igne</em></span> <span class='ocrx_word' id='word_1_135' title='bbox 1244 1535 1420 1620; x_wconf 86' lang='lat' dir='ltr'><em>rarescant,</em></span> <span class='ocrx_word' id='word_1_136' title='bbox 1445 1534 1648 1625; x_wconf 54' lang='lat' dir='ltr'><em>propositio*</em></span> 
     </span>
     <span class='ocr_line' id='line_1_15' title="bbox 100 1626 1643 1729; baseline -0.005 -23"><span class='ocrx_word' id='word_1_137' title='bbox 100 1655 180 1706; x_wconf 88' lang='lat' dir='ltr'><em>nem</em></span> <span class='ocrx_word' id='word_1_138' title='bbox 204 1631 313 1703; x_wconf 89' lang='lat' dir='ltr'><em>formo</em></span> <span class='ocrx_word' id='word_1_139' title='bbox 341 1629 572 1712; x_wconf 83' lang='lat' dir='ltr'><em>universalem,</em></span> <span class='ocrx_word' id='word_1_140' title='bbox 599 1629 725 1701; x_wconf 62' lang='lat' dir='ltr'><em>&amp;ania</em></span> <span class='ocrx_word' id='word_1_141' title='bbox 746 1652 882 1724; x_wconf 86' lang='lat' dir='ltr'><em>corpora</em></span> <span class='ocrx_word' id='word_1_142' title='bbox 900 1631 942 1703; x_wconf 79' lang='lat' dir='ltr'><em>ai</em></span> <span class='ocrx_word' id='word_1_143' title='bbox 966 1635 1037 1729; x_wconf 85' lang='lat' dir='ltr'><em>igno</em></span> <span class='ocrx_word' id='word_1_144' title='bbox 1059 1632 1238 1729; x_wconf 81' lang='lat' dir='ltr'><em>rarescunt.</em></span> <span class='ocrx_word' id='word_1_145' title='bbox 1302 1629 1389 1705; x_wconf 86' lang='lat' dir='ltr'><em>Ilaec</em></span> <span class='ocrx_word' id='word_1_146' title='bbox 1411 1652 1473 1723; x_wconf 88' lang='lat' dir='ltr'><em>pro</em></span> <span class='ocrx_word' id='word_1_147' title='bbox 1495 1652 1570 1702; x_wconf 89' lang='lat' dir='ltr'><em>vera</em></span> <span class='ocrx_word' id='word_1_148' title='bbox 1594 1626 1643 1699; x_wconf 88' lang='lat' dir='ltr'><em>est</em></span> 
     </span>
     <span class='ocr_line' id='line_1_16' title="bbox 100 1724 1646 1827; baseline -0.005 -24"><span class='ocrx_word' id='word_1_149' title='bbox 100 1728 253 1803; x_wconf 81' lang='lat' dir='ltr'><em>habenda</em></span> <span class='ocrx_word' id='word_1_150' title='bbox 265 1753 279 1801; x_wconf 80' lang='lat' dir='ltr'><em>t</em></span> <span class='ocrx_word' id='word_1_151' title='bbox 306 1727 342 1801; x_wconf 88' lang='lat' dir='ltr'><em>si</em></span> <span class='ocrx_word' id='word_1_152' title='bbox 359 1746 474 1801; x_wconf 86' lang='lat' dir='ltr'><em>autem:</em></span> <span class='ocrx_word' id='word_1_153' title='bbox 496 1727 654 1815; x_wconf 86' lang='lat' dir='ltr'><em>deinceps</em></span> <span class='ocrx_word' id='word_1_154' title='bbox 667 1724 853 1798; x_wconf 86' lang='lat' dir='ltr'><em>offendatur</em></span> <span class='ocrx_word' id='word_1_155' title='bbox 874 1749 1017 1819; x_wconf 76' lang='lat' dir='ltr'><em>corpuS,</em></span> <span class='ocrx_word' id='word_1_156' title='bbox 1043 1731 1135 1820; x_wconf 88' lang='lat' dir='ltr'><em>quod</em></span> <span class='ocrx_word' id='word_1_157' title='bbox 1152 1732 1194 1801; x_wconf 90' lang='lat' dir='ltr'><em>ab</em></span> <span class='ocrx_word' id='word_1_158' title='bbox 1209 1734 1286 1827; x_wconf 83' lang='lat' dir='ltr'><em>igne</em></span> <span class='ocrx_word' id='word_1_159' title='bbox 1307 1729 1566 1813; x_wconf 72' lang='lat' dir='ltr'><em>nundinetur,</em></span> <span class='ocrx_word' id='word_1_160' title='bbox 1588 1724 1646 1798; x_wconf 83' lang='lat' dir='ltr'><em>vel·</em></span> 
     </span>
     <span class='ocr_line' id='line_1_17' title="bbox 101 1820 1652 1921; baseline -0.002 -23"><span class='ocrx_word' id='word_1_161' title='bbox 101 1826 209 1912; x_wconf 83' lang='lat' dir='ltr'><em>aliud,</em></span> <span class='ocrx_word' id='word_1_162' title='bbox 225 1824 317 1918; x_wconf 90' lang='lat' dir='ltr'><em>quod</em></span> <span class='ocrx_word' id='word_1_163' title='bbox 332 1825 373 1895; x_wconf 89' lang='lat' dir='ltr'><em>ah</em></span> <span class='ocrx_word' id='word_1_164' title='bbox 386 1820 681 1921; x_wconf 85' lang='lat' dir='ltr'><em>ignecontrahatur</em></span> <span class='ocrx_word' id='word_1_165' title='bbox 693 1845 748 1894; x_wconf 89' lang='lat' dir='ltr'><em>aut</em></span> <span class='ocrx_word' id='word_1_166' title='bbox 765 1823 935 1911; x_wconf 88' lang='lat' dir='ltr'><em>densetur,</em></span> <span class='ocrx_word' id='word_1_167' title='bbox 956 1825 1122 1900; x_wconf 90' lang='lat' dir='ltr'><em>limitanda</em></span> <span class='ocrx_word' id='word_1_168' title='bbox 1139 1831 1200 1899; x_wconf 90' lang='lat' dir='ltr'><em>eiit</em></span> <span class='ocrx_word' id='word_1_169' title='bbox 1218 1832 1309 1920; x_wconf 82' lang='lat' dir='ltr'><em>prior</em></span> <span class='ocrx_word' id='word_1_170' title='bbox 1323 1827 1491 1899; x_wconf 80' lang='lat' dir='ltr'><em>concluso</em></span> <span class='ocrx_word' id='word_1_171' title='bbox 1509 1841 1652 1917; x_wconf 86' lang='lat' dir='ltr'><em>propter·</em></span> 
     </span>
     <span class='ocr_line' id='line_1_18' title="bbox 102 1917 1651 2015; baseline -0.002 -20"><span class='ocrx_word' id='word_1_172' title='bbox 102 1923 185 1997; x_wconf 85' lang='lat' dir='ltr'><em>hanc</em></span> <span class='ocrx_word' id='word_1_173' title='bbox 207 1924 448 2015; x_wconf 77' lang='lat' dir='ltr'><em>exceptionem</em></span> <span class='ocrx_word' id='word_1_174' title='bbox 500 1920 550 1993; x_wconf 86' lang='lat' dir='ltr'><em>Ita</em></span> <span class='ocrx_word' id='word_1_175' title='bbox 573 1917 790 1992; x_wconf 81' lang='lat' dir='ltr'><em>Metellorum.</em></span> <span class='ocrx_word' id='word_1_176' title='bbox 809 1921 1024 2014; x_wconf 80' lang='lat' dir='ltr'><em>plurimorum</em></span> <span class='ocrx_word' id='word_1_177' title='bbox 1048 1930 1201 1997; x_wconf 85' lang='lat' dir='ltr'><em>mixturae</em></span> <span class='ocrx_word' id='word_1_178' title='bbox 1226 1926 1330 1996; x_wconf 88' lang='lat' dir='ltr'><em>solent</em></span> <span class='ocrx_word' id='word_1_179' title='bbox 1354 1923 1466 1995; x_wconf 84' lang='lat' dir='ltr'><em>massas</em></span> <span class='ocrx_word' id='word_1_180' title='bbox 1492 1924 1651 2013; x_wconf 75' lang='lat' dir='ltr'><em>praebere</em></span> 
     </span>
     <span class='ocr_line' id='line_1_19' title="bbox 103 2017 1650 2108; baseline -0.001 -15"><span class='ocrx_word' id='word_1_181' title='bbox 103 2020 262 2093; x_wconf 80' lang='lat' dir='ltr'><em>finitores</em></span> <span class='ocrx_word' id='word_1_182' title='bbox 285 2018 422 2091; x_wconf 86' lang='lat' dir='ltr'><em>metallis</em></span> <span class='ocrx_word' id='word_1_183' title='bbox 435 2017 510 2091; x_wconf 87' lang='lat' dir='ltr'><em>solis</em></span> <span class='ocrx_word' id='word_1_184' title='bbox 533 2018 688 2089; x_wconf 87' lang='lat' dir='ltr'><em>sinceris:</em></span> <span class='ocrx_word' id='word_1_185' title='bbox 721 2018 809 2090; x_wconf 91' lang='lat' dir='ltr'><em>unde</em></span> <span class='ocrx_word' id='word_1_186' title='bbox 830 2019 1046 2093; x_wconf 89' lang='lat' dir='ltr'><em>universaliter</em></span> <span class='ocrx_word' id='word_1_187' title='bbox 1064 2022 1232 2095; x_wconf 90' lang='lat' dir='ltr'><em>concludo</em></span> <span class='ocrx_word' id='word_1_188' title='bbox 1241 2070 1260 2108; x_wconf 86' lang='lat'><em>,·</em></span> <span class='ocrx_word' id='word_1_189' title='bbox 1279 2024 1427 2098; x_wconf 87' lang='lat' dir='ltr'><em>Metalla</em></span> <span class='ocrx_word' id='word_1_190' title='bbox 1443 2021 1650 2093; x_wconf 74' lang='lat' dir='ltr'><em>admixtione</em></span> 
     </span>
     <span class='ocr_line' id='line_1_20' title="bbox 101 2114 1644 2212; baseline -0.004 -19"><span class='ocrx_word' id='word_1_191' title='bbox 101 2120 242 2195; x_wconf 74' lang='lat' dir='ltr'><em>dianna</em></span> <span class='ocrx_word' id='word_1_192' title='bbox 255 2120 482 2211; x_wconf 65' lang='lat' dir='ltr'><em>minimum,</em></span> <span class='ocrx_word' id='word_1_193' title='bbox 496 2131 558 2191; x_wconf 86' lang='lat' dir='ltr'><em>aut</em></span> <span class='ocrx_word' id='word_1_194' title='bbox 564 2114 853 2210; x_wconf 77' lang='lat' dir='ltr'><em>semimutaliorum</em></span> <span class='ocrx_word' id='word_1_195' title='bbox 863 2117 946 2212; x_wconf 80' lang='lat' dir='ltr'><em>fieri</em></span> <span class='ocrx_word' id='word_1_196' title='bbox 961 2120 1126 2211; x_wconf 73' lang='lat' dir='ltr'><em>firmiora</em></span> <span class='ocrx_word' id='word_1_197' title='bbox 1171 2120 1238 2191; x_wconf 86' lang='lat' dir='ltr'><em>Sed</em></span> <span class='ocrx_word' id='word_1_198' title='bbox 1255 2121 1387 2212; x_wconf 88' lang='lat' dir='ltr'><em>quando</em></span> <span class='ocrx_word' id='word_1_199' title='bbox 1402 2122 1559 2191; x_wconf 88' lang='lat' dir='ltr'><em>Stannum</em></span> <span class='ocrx_word' id='word_1_200' title='bbox 1582 2119 1644 2188; x_wconf 90' lang='lat' dir='ltr'><em>sin·</em></span> 
     </span>
     <span class='ocr_line' id='line_1_21' title="bbox 102 2212 1649 2311; baseline -0.004 -22"><span class='ocrx_word' id='word_1_201' title='bbox 102 2239 215 2305; x_wconf 84' lang='lat' dir='ltr'><em>¹cerum</em></span> <span class='ocrx_word' id='word_1_202' title='bbox 233 2216 398 2311; x_wconf 82' lang='lat' dir='ltr'><em>anglicum</em></span> <span class='ocrx_word' id='word_1_203' title='bbox 419 2237 497 2285; x_wconf 91' lang='lat' dir='ltr'><em>cuin</em></span> <span class='ocrx_word' id='word_1_204' title='bbox 517 2212 716 2283; x_wconf 86' lang='lat' dir='ltr'><em>Malaccensi</em></span> <span class='ocrx_word' id='word_1_205' title='bbox 734 2213 906 2300; x_wconf 87' lang='lat' dir='ltr'><em>miscetur,</em></span> <span class='ocrx_word' id='word_1_206' title='bbox 929 2218 1065 2286; x_wconf 88' lang='lat' dir='ltr'><em>mixtum</em></span> <span class='ocrx_word' id='word_1_207' title='bbox 1087 2216 1257 2286; x_wconf 88' lang='lat' dir='ltr'><em>metallum</em></span> <span class='ocrx_word' id='word_1_208' title='bbox 1279 2217 1324 2285; x_wconf 90' lang='lat' dir='ltr'><em>est</em></span> <span class='ocrx_word' id='word_1_209' title='bbox 1347 2217 1534 2299; x_wconf 89' lang='lat' dir='ltr'><em>insinnius,</em></span> <span class='ocrx_word' id='word_1_210' title='bbox 1566 2215 1649 2285; x_wconf 90' lang='lat' dir='ltr'><em>ideo·</em></span> 
     </span>
     <span class='ocr_line' id='line_1_22' title="bbox 103 2304 1666 2395; baseline -0.003 -13"><span class='ocrx_word' id='word_1_211' title='bbox 103 2315 139 2382; x_wconf 82' lang='lat' dir='ltr'><em>in</em></span> <span class='ocrx_word' id='word_1_212' title='bbox 156 2313 226 2379; x_wconf 88' lang='lat' dir='ltr'><em>hoc</em></span> <span class='ocrx_word' id='word_1_213' title='bbox 240 2311 324 2379; x_wconf 71' lang='lat' dir='ltr'><em>casur</em></span> <span class='ocrx_word' id='word_1_214' title='bbox 331 2313 434 2377; x_wconf 86' lang='lat' dir='ltr'><em>oritur</em></span> <span class='ocrx_word' id='word_1_215' title='bbox 447 2310 601 2392; x_wconf 87' lang='lat' dir='ltr'><em>exceptio</em></span> <span class='ocrx_word' id='word_1_216' title='bbox 617 2329 637 2372; x_wconf 90' lang='lat' dir='ltr'><em>a</em></span> <span class='ocrx_word' id='word_1_217' title='bbox 656 2307 790 2395; x_wconf 84' lang='lat' dir='ltr'><em>regula,</em></span> <span class='ocrx_word' id='word_1_218' title='bbox 814 2304 1008 2392; x_wconf 86' lang='lat' dir='ltr'><em>&amp;priorem</em></span> <span class='ocrx_word' id='word_1_219' title='bbox 1033 2311 1241 2379; x_wconf 85' lang='lat' dir='ltr'><em>universalem</em></span> <span class='ocrx_word' id='word_1_220' title='bbox 1259 2309 1502 2379; x_wconf 76' lang='lat' dir='ltr'><em>conclusionem</em></span> <span class='ocrx_word' id='word_1_221' title='bbox 1519 2311 1624 2379; x_wconf 89' lang='lat' dir='ltr'><em>limito</em></span> <span class='ocrx_word' id='word_1_222' title='bbox 1634 2330 1666 2376; x_wconf 65' lang='lat'><em>:2</em></span> 
     </span>
    </p>
   </div>
   <div class='ocr_carea' id='block_1_3' title="bbox 104 2396 1651 2585">
    <p class='ocr_par' dir='ltr' id='par_1_4' title="bbox 104 2396 1651 2585">
     <span class='ocr_line' id='line_1_23' title="bbox 104 2396 1651 2494; baseline -0.005 -15"><span class='ocrx_word' id='word_1_223' title='bbox 104 2425 162 2479; x_wconf 80' lang='lat' dir='ltr'><em>aut</em></span> <span class='ocrx_word' id='word_1_224' title='bbox 185 2399 380 2494; x_wconf 77' lang='lat' dir='ltr'><em>fiqnaeooin</em></span> <span class='ocrx_word' id='word_1_225' title='bbox 392 2401 626 2491; x_wconf 82' lang='lat' dir='ltr'><em>proportiones</em></span> <span class='ocrx_word' id='word_1_226' title='bbox 640 2396 854 2466; x_wconf 77' lang='lat' dir='ltr'><em>conlusorem</em></span> <span class='ocrx_word' id='word_1_227' title='bbox 873 2398 1080 2470; x_wconf 89' lang='lat' dir='ltr'><em>metallorum</em></span> <span class='ocrx_word' id='word_1_228' title='bbox 1114 2402 1297 2470; x_wconf 80' lang='lat' dir='ltr'><em>firmitatem</em></span> <span class='ocrx_word' id='word_1_229' title='bbox 1332 2403 1503 2491; x_wconf 81' lang='lat' dir='ltr'><em>cujuslibet</em></span> <span class='ocrx_word' id='word_1_230' title='bbox 1525 2402 1651 2472; x_wconf 85' lang='lat' dir='ltr'><em>irretolli·</em></span> 
     </span>
     <span class='ocr_line' id='line_1_24' title="bbox 104 2489 1484 2585; baseline -0.007 -12"><span class='ocrx_word' id='word_1_231' title='bbox 104 2502 198 2573; x_wconf 80' lang='lat' dir='ltr'><em>mixti</em></span> <span class='ocrx_word' id='word_1_232' title='bbox 216 2501 388 2577; x_wconf 87' lang='lat' dir='ltr'><em>minnant‚</em></span> <span class='ocrx_word' id='word_1_233' title='bbox 423 2492 609 2582; x_wconf 72' lang='lat' dir='ltr'><em>exception</em></span> <span class='ocrx_word' id='word_1_234' title='bbox 629 2489 772 2582; x_wconf 86' lang='lat' dir='ltr'><em>generali</em></span> <span class='ocrx_word' id='word_1_235' title='bbox 792 2491 905 2585; x_wconf 78' lang='lat' dir='ltr'><em>reguli</em></span> <span class='ocrx_word' id='word_1_236' title='bbox 924 2495 1043 2577; x_wconf 89' lang='lat' dir='ltr'><em>oritur,</em></span> <span class='ocrx_word' id='word_1_237' title='bbox 1070 2494 1162 2584; x_wconf 86' lang='lat' dir='ltr'><em>cujus</em></span> <span class='ocrx_word' id='word_1_238' title='bbox 1176 2497 1303 2563; x_wconf 90' lang='lat' dir='ltr'><em>termini</em></span> <span class='ocrx_word' id='word_1_239' title='bbox 1320 2514 1484 2565; x_wconf 89' lang='lat' dir='ltr'><em>notantur.</em></span> 
     </span>
    </p>
   </div>
   <div class='ocr_carea' id='block_1_4' title="bbox 104 2601 1655 3584">
    <p class='ocr_par' dir='ltr' id='par_1_5' title="bbox 104 2601 1655 3584">
     <span class='ocr_line' id='line_1_25' title="bbox 151 2601 1652 2715; baseline -0.003 -29"><span class='ocrx_word' id='word_1_240' title='bbox 151 2616 184 2715; x_wconf 62' lang='lat' dir='ltr'><em>s.</em></span> <span class='ocrx_word' id='word_1_241' title='bbox 209 2607 393 2685; x_wconf 85' lang='lat' dir='ltr'>XXXVII.</span> <span class='ocrx_word' id='word_1_242' title='bbox 418 2603 555 2693; x_wconf 83' lang='lat' dir='ltr'><em>Arialyfi·</em></span> <span class='ocrx_word' id='word_1_243' title='bbox 571 2601 711 2676; x_wconf 88' lang='lat' dir='ltr'><em>inultum</em></span> <span class='ocrx_word' id='word_1_244' title='bbox 733 2603 885 2693; x_wconf 80' lang='lat' dir='ltr'><em>promoti</em></span> <span class='ocrx_word' id='word_1_245' title='bbox 899 2653 917 2689; x_wconf 81' lang='lat'><em>,-</em></span> <span class='ocrx_word' id='word_1_246' title='bbox 937 2603 1180 2695; x_wconf 75' lang='lat' dir='ltr'><em>effectuumque</em></span> <span class='ocrx_word' id='word_1_247' title='bbox 1194 2607 1372 2677; x_wconf 90' lang='lat' dir='ltr'><em>multorum</em></span> <span class='ocrx_word' id='word_1_248' title='bbox 1397 2612 1495 2679; x_wconf 88' lang='lat' dir='ltr'><em>erutis</em></span> <span class='ocrx_word' id='word_1_249' title='bbox 1514 2610 1614 2681; x_wconf 86' lang='lat' dir='ltr'><em>causis</em></span> <span class='ocrx_word' id='word_1_250' title='bbox 1630 2654 1652 2697; x_wconf 76' lang='lat'><em>,·</em></span> 
     </span>
     <span class='ocr_line' id='line_1_26' title="bbox 105 2699 1652 2797; baseline -0.008 -6"><span class='ocrx_word' id='word_1_251' title='bbox 105 2714 270 2790; x_wconf 75' lang='lat' dir='ltr'><em>monario</em></span> <span class='ocrx_word' id='word_1_252' title='bbox 283 2707 422 2789; x_wconf 82' lang='lat' dir='ltr'><em>ordine,</em></span> <span class='ocrx_word' id='word_1_253' title='bbox 449 2722 571 2790; x_wconf 88' lang='lat' dir='ltr'><em>nempe</em></span> <span class='ocrx_word' id='word_1_254' title='bbox 588 2699 776 2790; x_wconf 86' lang='lat' dir='ltr'><em>Syntlietice</em></span> <span class='ocrx_word' id='word_1_255' title='bbox 789 2719 926 2796; x_wconf 86' lang='lat' dir='ltr'><em>pergere</em></span> <span class='ocrx_word' id='word_1_256' title='bbox 943 2700 1071 2773; x_wconf 86' lang='lat' dir='ltr'><em>licebit:</em></span> <span class='ocrx_word' id='word_1_257' title='bbox 1088 2703 1221 2792; x_wconf 86' lang='lat' dir='ltr'><em>quando</em></span> <span class='ocrx_word' id='word_1_258' title='bbox 1235 2703 1343 2772; x_wconf 84' lang='lat' dir='ltr'><em>causas</em></span> <span class='ocrx_word' id='word_1_259' title='bbox 1356 2703 1499 2775; x_wconf 77' lang='lat' dir='ltr'><em>detestas</em></span> <span class='ocrx_word' id='word_1_260' title='bbox 1515 2701 1550 2775; x_wconf 77' lang='lat' dir='ltr'><em>dt</em></span> <span class='ocrx_word' id='word_1_261' title='bbox 1567 2728 1652 2797; x_wconf 78' lang='lat' dir='ltr'><em>pro·</em></span> 
     </span>
     <span class='ocr_line' id='line_1_27' title="bbox 104 2798 1651 2891; baseline -0.008 -4"><span class='ocrx_word' id='word_1_262' title='bbox 104 2817 195 2886; x_wconf 84' lang='lat' dir='ltr'><em>haras</em></span> <span class='ocrx_word' id='word_1_263' title='bbox 216 2806 400 2881; x_wconf 84' lang='lat' dir='ltr'><em>assumimus</em></span> <span class='ocrx_word' id='word_1_264' title='bbox 421 2820 574 2891; x_wconf 87' lang='lat' dir='ltr'><em>tanquam</em></span> <span class='ocrx_word' id='word_1_265' title='bbox 598 2798 779 2889; x_wconf 91' lang='lat' dir='ltr'><em>principia,</em></span> <span class='ocrx_word' id='word_1_266' title='bbox 805 2818 945 2886; x_wconf 90' lang='lat' dir='ltr'><em>quorum</em></span> <span class='ocrx_word' id='word_1_267' title='bbox 968 2818 1040 2888; x_wconf 85' lang='lat' dir='ltr'><em>ope</em></span> <span class='ocrx_word' id='word_1_268' title='bbox 1053 2798 1278 2889; x_wconf 83' lang='lat' dir='ltr'><em>phaenomena</em></span> <span class='ocrx_word' id='word_1_269' title='bbox 1293 2798 1407 2871; x_wconf 90' lang='lat' dir='ltr'><em>similia</em></span> <span class='ocrx_word' id='word_1_270' title='bbox 1427 2801 1651 2891; x_wconf 83' lang='lat' dir='ltr'><em>explicanturt·</em></span> 
     </span>
     <span class='ocr_line' id='line_1_28' title="bbox 107 2892 1652 2997; baseline -0.008 -14"><span class='ocrx_word' id='word_1_271' title='bbox 107 2911 194 2995; x_wconf 91' lang='lat' dir='ltr'><em>Uti,</em></span> <span class='ocrx_word' id='word_1_272' title='bbox 218 2905 372 2997; x_wconf 89' lang='lat' dir='ltr'><em>quoniam</em></span> <span class='ocrx_word' id='word_1_273' title='bbox 394 2897 562 2989; x_wconf 89' lang='lat' dir='ltr'><em>explorata</em></span> <span class='ocrx_word' id='word_1_274' title='bbox 582 2914 723 2982; x_wconf 91' lang='lat' dir='ltr'><em>corpora</em></span> <span class='ocrx_word' id='word_1_275' title='bbox 736 2892 778 2962; x_wconf 92' lang='lat' dir='ltr'><em>ab</em></span> <span class='ocrx_word' id='word_1_276' title='bbox 792 2895 870 2987; x_wconf 77' lang='lat' dir='ltr'><em>igne</em></span> <span class='ocrx_word' id='word_1_277' title='bbox 886 2894 1009 2990; x_wconf 87' lang='lat' dir='ltr'><em>vulgari</em></span> <span class='ocrx_word' id='word_1_278' title='bbox 1022 2915 1255 2987; x_wconf 84' lang='lat' dir='ltr'><em>penetrantur,</em></span> <span class='ocrx_word' id='word_1_279' title='bbox 1280 2892 1415 2992; x_wconf 88' lang='lat' dir='ltr'><em>&amp;ignis</em></span> <span class='ocrx_word' id='word_1_280' title='bbox 1435 2920 1652 2990; x_wconf 87' lang='lat' dir='ltr'><em>quoquover··</em></span> 
     </span>
     <span class='ocr_line' id='line_1_29' title="bbox 107 2989 1651 3095; baseline -0.008 -16"><span class='ocrx_word' id='word_1_281' title='bbox 107 3008 158 3079; x_wconf 81' lang='lat' dir='ltr'><em>siis</em></span> <span class='ocrx_word' id='word_1_282' title='bbox 170 3007 203 3076; x_wconf 89' lang='lat' dir='ltr'><em>se</em></span> <span class='ocrx_word' id='word_1_283' title='bbox 216 2999 411 3090; x_wconf 79' lang='lat' dir='ltr'><em>expandens</em></span> <span class='ocrx_word' id='word_1_284' title='bbox 426 3010 568 3080; x_wconf 84' lang='lat' dir='ltr'><em>corpora</em></span> <span class='ocrx_word' id='word_1_285' title='bbox 582 2991 714 3073; x_wconf 64' lang='lat' dir='ltr'><em>dilatam</em></span> <span class='ocrx_word' id='word_1_286' title='bbox 741 2989 908 3061; x_wconf 90' lang='lat' dir='ltr'><em>concludo</em></span> <span class='ocrx_word' id='word_1_287' title='bbox 925 2991 1034 3077; x_wconf 93' lang='lat' dir='ltr'><em>hunc,</em></span> <span class='ocrx_word' id='word_1_288' title='bbox 1060 3014 1159 3084; x_wconf 89' lang='lat' dir='ltr'><em>quein</em></span> <span class='ocrx_word' id='word_1_289' title='bbox 1175 3014 1273 3065; x_wconf 88' lang='lat' dir='ltr'><em>manu</em></span> <span class='ocrx_word' id='word_1_290' title='bbox 1288 2996 1386 3085; x_wconf 85' lang='lat' dir='ltr'><em>capio</em></span> <span class='ocrx_word' id='word_1_291' title='bbox 1400 2995 1562 3087; x_wconf 87' lang='lat' dir='ltr'><em>lapidem,</em></span> <span class='ocrx_word' id='word_1_292' title='bbox 1576 2999 1651 3095; x_wconf 77' lang='lat' dir='ltr'><em>igin</em></span> 
     </span>
     <span class='ocr_line' id='line_1_30' title="bbox 107 3082 1655 3200; baseline -0.005 -25"><span class='ocrx_word' id='word_1_293' title='bbox 107 3103 202 3175; x_wconf 82' lang='lat' dir='ltr'><em>simili</em></span> <span class='ocrx_word' id='word_1_294' title='bbox 226 3089 520 3200; x_wconf 76' lang='lat' dir='ltr'><em>expositumetiam</em></span> <span class='ocrx_word' id='word_1_295' title='bbox 539 3082 748 3199; x_wconf 77' lang='lat' dir='ltr'><em>tumesassum</em></span> <span class='ocrx_word' id='word_1_296' title='bbox 770 3088 838 3172; x_wconf 89' lang='lat' dir='ltr'><em>iri,</em></span> <span class='ocrx_word' id='word_1_297' title='bbox 864 3107 961 3178; x_wconf 87' lang='lat' dir='ltr'><em>atque</em></span> <span class='ocrx_word' id='word_1_298' title='bbox 987 3090 1031 3158; x_wconf 91' lang='lat' dir='ltr'><em>ita</em></span> <span class='ocrx_word' id='word_1_299' title='bbox 1052 3092 1135 3161; x_wconf 91' lang='lat' dir='ltr'><em>inter</em></span> <span class='ocrx_word' id='word_1_300' title='bbox 1157 3091 1265 3161; x_wconf 84' lang='lat' dir='ltr'><em>causas</em></span> <span class='ocrx_word' id='word_1_301' title='bbox 1291 3090 1460 3162; x_wconf 87' lang='lat' dir='ltr'><em>dilatantes</em></span> <span class='ocrx_word' id='word_1_302' title='bbox 1484 3112 1590 3164; x_wconf 89' lang='lat' dir='ltr'><em>erutas</em></span> <span class='ocrx_word' id='word_1_303' title='bbox 1610 3092 1655 3168; x_wconf 75' lang='lat' dir='ltr'><em>dc</em></span> 
     </span>
     <span class='ocr_line' id='line_1_31' title="bbox 106 3181 1652 3381; baseline -0.005 -12"><span class='ocrx_word' id='word_1_304' title='bbox 106 3181 718 3369; x_wconf 52' lang='lat' dir='ltr'><em>hshtsseshsssshsssss</em></span> <span class='ocrx_word' id='word_1_305' title='bbox 734 3188 1652 3381; x_wconf 51' lang='lat' dir='ltr'><em>ssent„ssstsssshssslslessius</em></span> 
     </span>
     <span class='ocr_line' id='line_1_32' title="bbox 108 3376 1651 3475; baseline -0.006 -8"><span class='ocrx_word' id='word_1_306' title='bbox 108 3393 150 3465; x_wconf 87' lang='lat' dir='ltr'><em>de</em></span> <span class='ocrx_word' id='word_1_307' title='bbox 164 3410 298 3465; x_wconf 89' lang='lat' dir='ltr'><em>utuntur</em></span> <span class='ocrx_word' id='word_1_308' title='bbox 313 3379 483 3474; x_wconf 81' lang='lat' dir='ltr'><em>Synthefi,</em></span> <span class='ocrx_word' id='word_1_309' title='bbox 504 3376 566 3448; x_wconf 79' lang='lat' dir='ltr'><em>siue</em></span> <span class='ocrx_word' id='word_1_310' title='bbox 580 3376 745 3450; x_wconf 82' lang='lat' dir='ltr'><em>methodo·</em></span> <span class='ocrx_word' id='word_1_311' title='bbox 760 3379 1023 3472; x_wconf 75' lang='lat' dir='ltr'><em>conpositionis:</em></span> <span class='ocrx_word' id='word_1_312' title='bbox 1048 3382 1167 3456; x_wconf 90' lang='lat' dir='ltr'><em>horum</em></span> <span class='ocrx_word' id='word_1_313' title='bbox 1183 3382 1374 3456; x_wconf 89' lang='lat' dir='ltr'><em>methodum</em></span> <span class='ocrx_word' id='word_1_314' title='bbox 1391 3382 1581 3475; x_wconf 85' lang='lat' dir='ltr'><em>Philosophi</em></span> <span class='ocrx_word' id='word_1_315' title='bbox 1596 3385 1651 3458; x_wconf 72' lang='lat' dir='ltr'><em>se‹</em></span> 
     </span>
     <span class='ocr_line' id='line_1_33' title="bbox 109 3492 351 3584; baseline -0.054 -20"><span class='ocrx_word' id='word_1_316' title='bbox 109 3494 166 3584; x_wconf 87' lang='lat' dir='ltr'><em>qui</em></span> <span class='ocrx_word' id='word_1_317' title='bbox 186 3492 351 3561; x_wconf 88' lang='lat' dir='ltr'><em>nituntur..</em></span> 
     </span>
    </p>
   </div>
   <div class='ocr_carea' id='block_1_5' title="bbox 108 3586 1653 3785">
    <p class='ocr_par' dir='ltr' id='par_1_6' title="bbox 108 3586 1653 3785">
     <span class='ocr_line' id='line_1_34' title="bbox 161 3586 1653 3700; baseline 0.001 -27"><span class='ocrx_word' id='word_1_318' title='bbox 161 3603 192 3700; x_wconf 61' lang='lat' dir='ltr'><em>s.</em></span> <span class='ocrx_word' id='word_1_319' title='bbox 214 3592 411 3672; x_wconf 88' lang='lat' dir='ltr'>XXXVIII.</span> <span class='ocrx_word' id='word_1_320' title='bbox 431 3586 497 3657; x_wconf 84' lang='lat' dir='ltr'><em>vix</em></span> <span class='ocrx_word' id='word_1_321' title='bbox 509 3586 642 3657; x_wconf 84' lang='lat' dir='ltr'><em>ulterius</em></span> <span class='ocrx_word' id='word_1_322' title='bbox 658 3590 752 3657; x_wconf 89' lang='lat' dir='ltr'><em>certis</em></span> <span class='ocrx_word' id='word_1_323' title='bbox 769 3588 910 3683; x_wconf 85' lang='lat' dir='ltr'><em>passibus·</em></span> <span class='ocrx_word' id='word_1_324' title='bbox 924 3596 1076 3687; x_wconf 82' lang='lat' dir='ltr'><em>progredi</em></span> <span class='ocrx_word' id='word_1_325' title='bbox 1091 3597 1190 3667; x_wconf 75' lang='lat' dir='ltr'><em>liceri·</em></span> <span class='ocrx_word' id='word_1_326' title='bbox 1208 3615 1349 3669; x_wconf 87' lang='lat' dir='ltr'><em>attamen</em></span> <span class='ocrx_word' id='word_1_327' title='bbox 1364 3599 1497 3670; x_wconf 83' lang='lat' dir='ltr'><em>ulteritts</em></span> <span class='ocrx_word' id='word_1_328' title='bbox 1507 3616 1653 3696; x_wconf 76' lang='lat' dir='ltr'><em>pergere-¹</em></span> 
     </span>
     <span class='ocr_line' id='line_1_35' title="bbox 108 3684 1652 3785; baseline -0.006 -10"><span class='ocrx_word' id='word_1_329' title='bbox 108 3700 209 3775; x_wconf 81' lang='lat' dir='ltr'><em>annis</em></span> <span class='ocrx_word' id='word_1_330' title='bbox 227 3698 347 3766; x_wconf 89' lang='lat' dir='ltr'><em>utimur</em></span> <span class='ocrx_word' id='word_1_331' title='bbox 361 3684 549 3780; x_wconf 74' lang='lat' dir='ltr'><em>Analogia,</em></span> <span class='ocrx_word' id='word_1_332' title='bbox 571 3685 724 3753; x_wconf 87' lang='lat' dir='ltr'><em>omnibus</em></span> <span class='ocrx_word' id='word_1_333' title='bbox 741 3684 840 3755; x_wconf 84' lang='lat' dir='ltr'><em>iebtis</em></span> <span class='ocrx_word' id='word_1_334' title='bbox 858 3685 1058 3759; x_wconf 78' lang='lat' dir='ltr'><em>hermoniim</em></span> <span class='ocrx_word' id='word_1_335' title='bbox 1074 3690 1174 3761; x_wconf 88' lang='lat' dir='ltr'><em>inesse</em></span> <span class='ocrx_word' id='word_1_336' title='bbox 1190 3694 1431 3783; x_wconf 86' lang='lat' dir='ltr'><em>supponentes,</em></span> <span class='ocrx_word' id='word_1_337' title='bbox 1457 3695 1491 3765; x_wconf 79' lang='lat' dir='ltr'><em>dt</em></span> <span class='ocrx_word' id='word_1_338' title='bbox 1508 3700 1652 3785; x_wconf 60' lang='lat' dir='ltr'><em>qualitaae</em></span> 
     </span>
    </p>
   </div>
   <div class='ocr_carea' id='block_1_6' title="bbox 111 3777 1654 4466">
    <p class='ocr_par' dir='ltr' id='par_1_7' title="bbox 111 3777 1654 4466">
     <span class='ocr_line' id='line_1_36' title="bbox 111 3777 1650 3887; baseline -0.007 -14"><span class='ocrx_word' id='word_1_339' title='bbox 111 3821 177 3884; x_wconf 74' lang='lat' dir='ltr'><em>res,</em></span> <span class='ocrx_word' id='word_1_340' title='bbox 201 3817 278 3887; x_wconf 74' lang='lat' dir='ltr'><em>quie</em></span> <span class='ocrx_word' id='word_1_341' title='bbox 296 3782 396 3863; x_wconf 73' lang='lat' dir='ltr'><em>rebus&#39;</em></span> <span class='ocrx_word' id='word_1_342' title='bbox 413 3783 554 3879; x_wconf 83' lang='lat' dir='ltr'><em>cognitis</em></span> <span class='ocrx_word' id='word_1_343' title='bbox 571 3777 705 3864; x_wconf 83' lang='lat' dir='ltr'><em>insunt„</em></span> <span class='ocrx_word' id='word_1_344' title='bbox 723 3781 793 3851; x_wconf 87' lang='lat' dir='ltr'><em>aliis</em></span> <span class='ocrx_word' id='word_1_345' title='bbox 817 3781 993 3868; x_wconf 78' lang='lat' dir='ltr'><em>similibus,</em></span> <span class='ocrx_word' id='word_1_346' title='bbox 1020 3785 1074 3855; x_wconf 88' lang='lat' dir='ltr'><em>sed</em></span> <span class='ocrx_word' id='word_1_347' title='bbox 1091 3787 1238 3858; x_wconf 90' lang='lat' dir='ltr'><em>nondum</em></span> <span class='ocrx_word' id='word_1_348' title='bbox 1263 3789 1458 3879; x_wconf 89' lang='lat' dir='ltr'><em>exploratis,</em></span> <span class='ocrx_word' id='word_1_349' title='bbox 1481 3795 1577 3860; x_wconf 88' lang='lat' dir='ltr'><em>etiam</em></span> <span class='ocrx_word' id='word_1_350' title='bbox 1594 3795 1650 3864; x_wconf 62' lang='lat' dir='ltr'><em>ine</em></span> 
     </span>
     <span class='ocr_line' id='line_1_37' title="bbox 111 3876 1652 3978; baseline -0.011 -10"><span class='ocrx_word' id='word_1_351' title='bbox 111 3896 199 3978; x_wconf 86' lang='lat' dir='ltr'><em>esse,</em></span> <span class='ocrx_word' id='word_1_352' title='bbox 222 3895 270 3962; x_wconf 90' lang='lat' dir='ltr'><em>uti</em></span> <span class='ocrx_word' id='word_1_353' title='bbox 295 3884 385 3978; x_wconf 89' lang='lat' dir='ltr'><em>quod</em></span> <span class='ocrx_word' id='word_1_354' title='bbox 407 3885 440 3953; x_wconf 92' lang='lat' dir='ltr'><em>in</em></span> <span class='ocrx_word' id='word_1_355' title='bbox 455 3878 650 3969; x_wconf 90' lang='lat' dir='ltr'><em>corporibus</em></span> <span class='ocrx_word' id='word_1_356' title='bbox 666 3876 851 3949; x_wconf 81' lang='lat' dir='ltr'><em>caelestibus</em></span> <span class='ocrx_word' id='word_1_357' title='bbox 870 3878 938 3949; x_wconf 84' lang='lat' dir='ltr'><em>fieri</em></span> <span class='ocrx_word' id='word_1_358' title='bbox 959 3882 1133 3968; x_wconf 82' lang='lat' dir='ltr'><em>videmus,</em></span> <span class='ocrx_word' id='word_1_359' title='bbox 1152 3886 1185 3954; x_wconf 89' lang='lat' dir='ltr'><em>in</em></span> <span class='ocrx_word' id='word_1_360' title='bbox 1200 3884 1398 3974; x_wconf 79' lang='lat' dir='ltr'><em>terrestribus</em></span> <span class='ocrx_word' id='word_1_361' title='bbox 1419 3889 1575 3975; x_wconf 84' lang='lat' dir='ltr'><em>eveniet,</em></span> <span class='ocrx_word' id='word_1_362' title='bbox 1608 3886 1652 3962; x_wconf 72' lang='grc' dir='ltr'><em>δι.</em></span> 
     </span>
     <span class='ocr_line' id='line_1_38' title="bbox 111 3975 1652 4072; baseline -0.006 -6"><span class='ocrx_word' id='word_1_363' title='bbox 111 4011 243 4066; x_wconf 89' lang='lat' dir='ltr'><em>contra:</em></span> <span class='ocrx_word' id='word_1_364' title='bbox 269 3987 337 4055; x_wconf 90' lang='lat' dir='ltr'><em>imo</em></span> <span class='ocrx_word' id='word_1_365' title='bbox 355 3983 388 4051; x_wconf 90' lang='lat' dir='ltr'><em>iti</em></span> <span class='ocrx_word' id='word_1_366' title='bbox 404 3981 467 4051; x_wconf 86' lang='lat' dir='ltr'><em>vita</em></span> <span class='ocrx_word' id='word_1_367' title='bbox 491 3976 683 4066; x_wconf 90' lang='lat' dir='ltr'><em>plerumque</em></span> <span class='ocrx_word' id='word_1_368' title='bbox 707 3996 748 4044; x_wconf 90' lang='lat' dir='ltr'><em>ex</em></span> <span class='ocrx_word' id='word_1_369' title='bbox 763 3975 925 4072; x_wconf 80' lang='lat' dir='ltr'><em>AnalogIa</em></span> <span class='ocrx_word' id='word_1_370' title='bbox 949 3981 1196 4065; x_wconf 80' lang='lat' dir='ltr'><em>ratiocInamur,</em></span> <span class='ocrx_word' id='word_1_371' title='bbox 1223 3978 1313 4053; x_wconf 85' lang='lat' dir='ltr'><em>&amp;ad</em></span> <span class='ocrx_word' id='word_1_372' title='bbox 1334 4004 1405 4055; x_wconf 88' lang='lat' dir='ltr'><em>eoin</em></span> <span class='ocrx_word' id='word_1_373' title='bbox 1422 3987 1565 4058; x_wconf 80' lang='lat' dir='ltr'><em>actiones</em></span> <span class='ocrx_word' id='word_1_374' title='bbox 1583 4009 1652 4059; x_wconf 92' lang='lat' dir='ltr'><em>no·-</em></span> 
     </span>
     <span class='ocr_line' id='line_1_39' title="bbox 113 4071 1654 4177; baseline -0.003 -18"><span class='ocrx_word' id='word_1_375' title='bbox 113 4091 191 4164; x_wconf 81' lang='lat' dir='ltr'><em>slras</em></span> <span class='ocrx_word' id='word_1_376' title='bbox 210 4085 398 4177; x_wconf 80' lang='lat' dir='ltr'><em>dirigimus:</em></span> <span class='ocrx_word' id='word_1_377' title='bbox 430 4074 530 4145; x_wconf 91' lang='lat' dir='ltr'><em>hodie</em></span> <span class='ocrx_word' id='word_1_378' title='bbox 547 4072 642 4163; x_wconf 89' lang='lat' dir='ltr'><em>super</em></span> <span class='ocrx_word' id='word_1_379' title='bbox 664 4071 718 4143; x_wconf 89' lang='lat' dir='ltr'><em>tali</em></span> <span class='ocrx_word' id='word_1_380' title='bbox 741 4071 1025 4161; x_wconf 86' lang='lat' dir='ltr'><em>soloihcedimus,</em></span> <span class='ocrx_word' id='word_1_381' title='bbox 1051 4079 1126 4166; x_wconf 89' lang='lat' dir='ltr'><em>quia</em></span> <span class='ocrx_word' id='word_1_382' title='bbox 1141 4077 1208 4149; x_wconf 92' lang='lat' dir='ltr'><em>heri</em></span> <span class='ocrx_word' id='word_1_383' title='bbox 1231 4082 1264 4151; x_wconf 93' lang='lat' dir='ltr'><em>in</em></span> <span class='ocrx_word' id='word_1_384' title='bbox 1283 4081 1401 4152; x_wconf 90' lang='lat' dir='ltr'><em>eodem</em></span> <span class='ocrx_word' id='word_1_385' title='bbox 1425 4083 1477 4153; x_wconf 89' lang='lat' dir='ltr'><em>alii</em></span> <span class='ocrx_word' id='word_1_386' title='bbox 1494 4083 1654 4162; x_wconf 70' lang='lat' dir='ltr'><em>hominen</em></span> 
     </span>
     <span class='ocr_line' id='line_1_40' title="bbox 112 4169 1652 4276; baseline -0.001 -20"><span class='ocrx_word' id='word_1_387' title='bbox 112 4185 234 4276; x_wconf 82' lang='lat' dir='ltr'><em>spatiari</em></span> <span class='ocrx_word' id='word_1_388' title='bbox 258 4179 346 4250; x_wconf 89' lang='lat' dir='ltr'><em>sunt:</em></span> <span class='ocrx_word' id='word_1_389' title='bbox 371 4173 470 4243; x_wconf 81' lang='lat' dir='ltr'><em>hodie</em></span> <span class='ocrx_word' id='word_1_390' title='bbox 485 4169 700 4241; x_wconf 88' lang='lat' dir='ltr'><em>eavescemur</em></span> <span class='ocrx_word' id='word_1_391' title='bbox 719 4169 848 4261; x_wconf 88' lang='lat' dir='ltr'><em>planta,</em></span> <span class='ocrx_word' id='word_1_392' title='bbox 874 4175 949 4263; x_wconf 90' lang='lat' dir='ltr'><em>quia</em></span> <span class='ocrx_word' id='word_1_393' title='bbox 966 4172 1034 4244; x_wconf 92' lang='lat' dir='ltr'><em>heri</em></span> <span class='ocrx_word' id='word_1_394' title='bbox 1054 4174 1160 4245; x_wconf 87' lang='lat' dir='ltr'><em>similis</em></span> <span class='ocrx_word' id='word_1_395' title='bbox 1181 4175 1290 4267; x_wconf 87' lang='lat' dir='ltr'><em>planta</em></span> <span class='ocrx_word' id='word_1_396' title='bbox 1321 4181 1417 4251; x_wconf 88' lang='lat' dir='ltr'><em>nobis</em></span> <span class='ocrx_word' id='word_1_397' title='bbox 1440 4182 1583 4256; x_wconf 84' lang='lat' dir='ltr'><em>iiicundo</em></span> <span class='ocrx_word' id='word_1_398' title='bbox 1606 4180 1652 4255; x_wconf 83' lang='lat'><em>&amp;-</em></span> 
     </span>
     <span class='ocr_line' id='line_1_41' title="bbox 115 4265 1653 4373; baseline -0.011 -18"><span class='ocrx_word' id='word_1_399' title='bbox 115 4281 229 4355; x_wconf 86' lang='lat' dir='ltr'><em>salubri</em></span> <span class='ocrx_word' id='word_1_400' title='bbox 246 4275 366 4348; x_wconf 88' lang='lat' dir='ltr'><em>cibatui</em></span> <span class='ocrx_word' id='word_1_401' title='bbox 388 4269 458 4344; x_wconf 83' lang='lat' dir='ltr'><em>fuit.</em></span> <span class='ocrx_word' id='word_1_402' title='bbox 484 4269 601 4338; x_wconf 90' lang='lat' dir='ltr'><em>dicitur</em></span> <span class='ocrx_word' id='word_1_403' title='bbox 624 4265 764 4338; x_wconf 88' lang='lat' dir='ltr'><em>Hermes</em></span> <span class='ocrx_word' id='word_1_404' title='bbox 786 4267 866 4341; x_wconf 93' lang='lat' dir='ltr'><em>olim</em></span> <span class='ocrx_word' id='word_1_405' title='bbox 896 4272 940 4344; x_wconf 90' lang='lat' dir='ltr'><em>ita</em></span> <span class='ocrx_word' id='word_1_406' title='bbox 952 4270 1194 4367; x_wconf 85' lang='lat' dir='ltr'><em>Philosophiam</em></span> <span class='ocrx_word' id='word_1_407' title='bbox 1211 4276 1412 4363; x_wconf 84' lang='lat' dir='ltr'><em>excoluisse,</em></span> <span class='ocrx_word' id='word_1_408' title='bbox 1438 4281 1521 4352; x_wconf 90' lang='lat' dir='ltr'><em>inter</em></span> <span class='ocrx_word' id='word_1_409' title='bbox 1535 4282 1653 4373; x_wconf 76' lang='lat' dir='ltr'><em>poste..</em></span> 
     </span>
     <span class='ocr_line' id='line_1_42' title="bbox 116 4363 1653 4466; baseline -0.012 -16"><span class='ocrx_word' id='word_1_410' title='bbox 116 4381 218 4453; x_wconf 86' lang='lat' dir='ltr'><em>riores</em></span> <span class='ocrx_word' id='word_1_411' title='bbox 235 4368 381 4444; x_wconf 90' lang='lat' dir='ltr'><em>nonnulli</em></span> <span class='ocrx_word' id='word_1_412' title='bbox 405 4365 542 4437; x_wconf 88' lang='lat' dir='ltr'><em>eandem</em></span> <span class='ocrx_word' id='word_1_413' title='bbox 564 4363 661 4433; x_wconf 89' lang='lat' dir='ltr'><em>secuti</em></span> <span class='ocrx_word' id='word_1_414' title='bbox 681 4364 751 4434; x_wconf 91' lang='lat' dir='ltr'><em>sunt</em></span> <span class='ocrx_word' id='word_1_415' title='bbox 773 4366 994 4441; x_wconf 78' lang='lat' dir='ltr'><em>methodum:</em></span> <span class='ocrx_word' id='word_1_416' title='bbox 1026 4372 1091 4444; x_wconf 89' lang='lat' dir='ltr'><em>Sed</em></span> <span class='ocrx_word' id='word_1_417' title='bbox 1115 4373 1236 4446; x_wconf 86' lang='lat' dir='ltr'><em>sumnia</em></span> <span class='ocrx_word' id='word_1_418' title='bbox 1254 4376 1424 4466; x_wconf 70' lang='lat' dir='ltr'><em>prudentio</em></span> <span class='ocrx_word' id='word_1_419' title='bbox 1441 4371 1475 4448; x_wconf 65' lang='grc' dir='ltr'>ἃ</span> <span class='ocrx_word' id='word_1_420' title='bbox 1493 4381 1653 4451; x_wconf 86' lang='lat' dir='ltr'><em>attentio·-</em></span> 
     </span>
    </p>
   </div>
   <div class='ocr_carea' id='block_1_7' title="bbox 117 4462 1651 4657">
    <p class='ocr_par' dir='ltr' id='par_1_8' title="bbox 117 4462 1651 4657">
     <span class='ocr_line' id='line_1_43' title="bbox 117 4462 1651 4576; baseline -0.019 -7"><span class='ocrx_word' id='word_1_421' title='bbox 117 4497 158 4551; x_wconf 63' lang='grc' dir='ltr'><em>ιε</em></span> <span class='ocrx_word' id='word_1_422' title='bbox 174 4492 260 4568; x_wconf 81' lang='lat' dir='ltr'><em>opus</em></span> <span class='ocrx_word' id='word_1_423' title='bbox 279 4467 326 4544; x_wconf 76' lang='lat' dir='ltr'><em>est</em></span> <span class='ocrx_word' id='word_1_424' title='bbox 348 4462 499 4541; x_wconf 76' lang='lat' dir='ltr'><em>atvertus</em></span> <span class='ocrx_word' id='word_1_425' title='bbox 511 4481 687 4554; x_wconf 73' lang='lat' dir='ltr'><em>errorem,</em></span> <span class='ocrx_word' id='word_1_426' title='bbox 703 4465 950 4548; x_wconf 71' lang='lat' dir='ltr'><em>noeaoeane</em></span> <span class='ocrx_word' id='word_1_427' title='bbox 967 4491 1009 4551; x_wconf 78' lang='lat' dir='ltr'><em>ei</em></span> <span class='ocrx_word' id='word_1_428' title='bbox 1025 4470 1186 4576; x_wconf 73' lang='lat' dir='ltr'><em>inungo</em></span> <span class='ocrx_word' id='word_1_429' title='bbox 1199 4471 1340 4564; x_wconf 75' lang='lat' dir='ltr'><em>oetaeo</em></span> <span class='ocrx_word' id='word_1_430' title='bbox 1352 4477 1483 4573; x_wconf 70' lang='lat' dir='ltr'><em>penitus</em></span> <span class='ocrx_word' id='word_1_431' title='bbox 1495 4472 1651 4554; x_wconf 76' lang='lat' dir='ltr'><em>conire·-</em></span> 
     </span>
     <span class='ocr_line' id='line_1_44' title="bbox 1600 4585 1649 4657; baseline -0.02 -47"><span class='ocrx_word' id='word_1_432' title='bbox 1600 4585 1649 4657; x_wconf 52' lang='lat' dir='ltr'><em>m„</em></span> 
     </span>
    </p>
   </div>
   <div class='ocr_carea' id='block_1_8' title="bbox 0 0 2157 5956">
    <p class='ocr_par' dir='ltr' id='par_1_9' title="bbox 0 0 2157 5956">
     <span class='ocr_line' id='line_1_45' title="bbox 0 0 2157 5956; baseline 0 0"><span class='ocrx_word' id='word_1_433' title='bbox 0 0 2157 5956; x_wconf 95' lang='lat' dir='ltr'><em> </em></span> 
     </span>
    </p>
   </div>
  </div>
 </body>
</html>
