4282 5962
323 292 410 399 *404
520 280 615 377 un
653 276 1133 376 conmuuurtn
1175 304 1249 368 ro
1277 278 1672 386 rramrmru.

329 484 486 555 firmiores
510 482 592 555 liunt
611 484 757 579 frigore,
776 480 840 552 alia
860 483 963 576 ignea
997 476 1137 573 Frigore
1166 478 1361 555 solidescunt
1383 488 1494 555 omnia
1522 490 1555 561 in
1581 492 1656 585 igne
1681 491 1872 586 liquesasiae

326 581 478 675 metalla,
504 580 727 663 semirnetalla,
753 578 863 649 resmae
890 576 1053 647 terrestres
1076 571 1113 643 ὃ(
1136 578 1359 670 vegetabiles‚
1384 579 1475 652 Vitta
1493 582 1557 655 dte.
1582 611 1723 676 quorum
1747 616 1872 685 partes.

326 682 358 749 ui
382 680 465 775 ignis
492 679 511 747 i
537 698 651 747 mutuo
675 675 823 747 coneilio
848 672 883 743 bt
912 676 1036 743 unione
1062 670 1174 742 solutae
1201 674 1357 747 intestino
1377 700 1470 749 motu
1499 682 1699 774 aliquantum
1732 697 1860 789 agitan-

327 796 395 845 tur:
419 775 566 846 avolante
591 777 688 869 igne,
713 770 911 843 naturalibus
935 769 1167 840 attrahentibus
1191 771 1310 841 viribus
1336 774 1377 842 ad
1392 778 1571 869 sepropius
1590 787 1778 876 accedunt,
1798 794 1863 866 do·

325 892 386 942 nee
409 875 523 941 iterum
548 876 725 962 proximae,
750 869 780 938 se
807 889 975 963 tangentes
1000 863 1035 937 ἃ
1060 870 1265 959 quiescentes
1289 869 1502 960 solidescunt,
1540 878 1687 970 Chalybs
1711 888 1754 957 ab
1780 892 1861 987 Igne

324 966 502 1050 mollescit,
529 968 581 1038 scd
607 970 713 1038 subito
739 969 773 1037 in
800 968 898 1057 Aqua
923 962 1038 1061 frigida
1072 962 1240 1035 restinctus
1272 968 1448 1040 induratur.
1507 974 1586 1045 Alia
1610 999 1750 1073 corpora
1776 989 1858 1081 igne

324 1064 501 1135 redduntur
525 1066 673 1149 duriora,
699 1068 745 1133 uti
770 1063 851 1153 lapis
877 1062 1005 1149 allans,
1030 1063 1088 1155 qui
1112 1078 1267 1132 recenter·
1281 1062 1413 1139 effossus
1437 1068 1484 1139 est
1512 1070 1689 1147 aelinodum
1723 1076 1869 1179 mollis,

323 1161 377 1231 sed
401 1166 434 1231 in
458 1166 535 1257 igne
560 1162 643 1231 Virri
669 1162 764 1231 iniiar
786 1160 987 1247 indurescit,
1021 1166 1117 1252 eique
1135 1158 1350 1239 uehementer
1375 1166 1485 1237 resiliit
1522 1170 1619 1266 (a).
1670 1174 1780 1251 Molle
1804 1183 1865 1253 lu·-

323 1278 392 1329 tunt
414 1281 433 1327 a
460 1259 525 1327 sole
551 1257 608 1329 sub
634 1260 690 1329 dio
715 1256 916 1343 arefastum,
940 1258 1058 1329 deinde
1083 1258 1243 1329 coilione·
1258 1260 1292 1327 in
1317 1257 1433 1332 luteres
1457 1270 1609 1352 vertitur,
1634 1292 1699 1362 qua
1714 1278 1863 1351 mustum.

324 1358 431 1445 Aquae
454 1355 649 1446 expellitur,
684 1356 761 1427 sales
786 1356 985 1441 funduntur,
1015 1358 1073 1445 qui
1104 1358 1189 1425 inter
1219 1375 1325 1445 partes
1349 1376 1490 1433 terrenas
1515 1364 1677 1457 fluentes,
1704 1392 1758 1444 eas
1779 1376 1857 1467 jun·

323 1473 425 1547 gunt,
452 1450 661 1531 bellarunt,
686 1474 726 1523 ur
742 1474 861 1523 contra·
875 1452 1028 1523 humores
1052 1452 1113 1523 lint
1137 1452 1279 1523 robuiii:
1317 1454 1502 1530 smultum
1528 1462 1599 1535 salis
1622 1468 1656 1538 in
1684 1469 1754 1541 luto
1782 1472 1856 1545 sue·

315 1552 384 1631 -eit,
410 1550 524 1621 lateres
550 1570 590 1619 ex
613 1572 655 1619 co
681 1550 794 1631 dasii,
818 1548 974 1627 aresaili,
999 1552 1085 1619 cosli
1105 1549 1337 1621 uehementiori
1362 1554 1440 1647 igne
1462 1559 1494 1628 in
1513 1561 1630 1632 virtum
1653 1566 1854 1643 durissnnurn

322 1665 499 1715 uertuntur.
548 1648 583 1715 Si
599 1646 678 1715 nulli
698 1646 792 1715 insint
806 1645 908 1727 sales,
935 1648 1020 1739 ignis
1040 1648 1113 1717 vitri
1129 1644 1266 1717 sormam
1284 1645 1355 1717 luto
1374 1671 1442 1721 nou
1458 1654 1604 1727 inducit:
1629 1662 1673 1731 its
1688 1666 1853 1741 elisurum

320 1742 514 1827 Windsorii,
539 1740 609 1811 salis
631 1762 769 1833 expers,
794 1744 903 1837 magni
927 1740 1116 1811 aestimamm
1141 1763 1161 1811 a
1190 1740 1396 1837 Metallurgis
1419 1742 1646 1839 &l'itrariis,.
1663 1765 1718 1847 qui
1745 1786 1788 1835 ex
1808 1788 1855 1838 eo

309 1834 485 1925 -ibrnaces,
511 1840 553 1909 ab
578 1842 655 1933 igne
676 1860 744 1909 non
761 1836 949 1919 nocentius,
974 1838 1165 1910 construunt
1190 1836 1286 1931 (b).

368 1932 417 2005 Ita
440 1936 537 2006 tariae
556 1934 645 2005 humi
667 1932 788 2027 species
806 1935 890 2026 saepe
915 1935 986 2005 sunt
1011 1934 1206 2017 miscendae,
1231 1956 1267 2006 ut
1292 1936 1440 2031 figlinum
1466 1942 1595 2015 firmius·
1615 1950 1740 2023 ustione
1765 1956 1851 2028 liat:

316 2029 499 2104 Chineases
529 2033 715 2123 porcellana
740 2033 810 2103 vasa
850 2053 891 2102 ex
915 2031 1012 2103 lsaoli
1038 2030 1074 2105 bt
1099 2031 1254 2119 Petunse,
1281 2038 1366 2104 varia
1391 2042 1607 2128 proportione
1629 2049 1757 2133 mixtis,
1783 2054 1850 2125 sin·

315 2148 417 2221 gunt,
444 2132 537 2199 unius
560 2128 648 2201 humi
668 2129 816 2199 sinnitste
841 2133 876 2199 in
901 2150 987 2199 tanta
1010 2133 1166 2199 tenuitate
1192 2150 1265 2200 non.
1282 2128 1476 2204 sufficiente:
1502 2135 1851 2223 Fistula-Tabamriae

312 2224 359 2293 aui
378 2226 549 2297 tninimum
571 2246 612 2296 ex
634 2228 734 2296 millis
766 2246 907 2313 quatuor
933 2226 1102 2315 speciebus
1122 2226 1283 2297 ducuntur
1298 2248 1315 2295 a.
1352 2224 1462 2323 Figuli
1492 2256 1553 2325 pro
1582 2236 1731 2313 ficlilibus
1761 2243 1856 2319 Del·-

313 2320 487 2411 phenllbus
513 2344 636 2395 nouem
658 2322 749 2392 humi
773 2321 942 2407 speciebus
968 2341 1119 2389 utuntura
1143 2342 1280 2409 quarum
1307 2326 1469 2413 intritam,
1504 2333 1690 2424 priusquam
1717 2339 1846 2437 sangun»

305 2438 390 2507 tut,
417 2423 572 2489 macerari
597 2434 757 2506 oportet,
791 2412 972 2506 sepiusque
994 2418 1180 2505 permisceri
1206 2413 1241 2488 ἀ
1262 2417 1389 2515 subigi:
1420 2425 1504 2519 ignis
1528 2426 1585 2499 has
1611 2433 1765 2509 terras&
1798 2441 1844 2511 sa·

312 2511 360 2585 les
385 2516 420 2587 in
445 2514 572 2587 ustione
595 2532 764 2597 attenuat,
784 2531 820 2581 ut
842 2516 921 2603 pori.
943 2510 1061 2583 melius
1084 2512 1297 2603 impleantur,
1321 2538 1541 2613 augeaturque
1565 2527 1716 2603 firmitas,

359 2642 392 2728 ς.
419 2642 559 2712 MCXl.
584 2644 737 2731 separata
764 2662 903 2731 corpora
924 2640 1153 2737 conjungimus
1176 2645 1349 2713 cochleis:
1382 2667 1449 2720 turn
1483 2660 1703 2755 nansiigendo
1733 2671 1843 2747 clavos

309 2756 368 2827 per
393 2754 529 2826 utraque
549 2756 691 2824 corpora
713 2742 839 2831 integra
862 2736 913 2806 vel
936 2736 1099 2831 perforata
1122 2738 1274 2821 adustos,
1300 2742 1356 2829 qui
1383 2742 1564 2821 sirmintem
1589 2760 1743 2849 majorem
1770 2772 1840 2843 effi,

308 2834 422 2923 ciunt,
449 2853 519 2922 quo
541 2830 623 2903 clavi
646 2830 785 2902 durioris
813 2828 934 2900 suerint
957 2836 1119 2914 materiae,
1144 2852 1304 2923 tumque
1328 2832 1450 2911 suerint
1469 2841 1629 2931 asperiore
1653 2856 1842 2947 superficie:

308 2926 504 3019 copulantur
522 2931 618 3003 etiam
641 2948 782 3019 corpora
806 2923 1063 3021 circumligando
1087 2926 1201 3012 funes,
1234 2928 1308 3012 sila,
1333 2932 1384 3001 vei
1409 2935 1470 3005 alia
1494 2936 1679 3035 flexibilia,
1714 2962 1838 3044 quibus

302 3024 452 3117 'corpora¹
470 3028 664 3121 corporibtu
686 3024 933 3117 apprimumura
959 3024 1004 3093 ita
1024 3018 1143 3097 Erueae
1169 3022 1379 3127 debriptaea
1409 3030 1503 3105 Nob.
1528 3036 1730 3121 Reaummio
1756 3060 1835 3156 (c)

300 3122 545 3198 ‘domunculum
570 3118 611 3197 e'x
633 3120 772 3195 sntstulls
792 3120 871 3217 ligni
894 3116 1092 3207 conficiunt,
1117 3141 1191 3212 quae
1213 3122 1360 3195 vinciunt
1378 3124 1489 3200 serico·
1502 3134 1681 3213 admodum
1706 3158 1849 3243 tenaci,

300 3220 399 3311 ‘qnod
420 3222 619 3311 pedetentim
645 3216 821 3291 indurescit
852 3216 953 3311 (rs),
995 3216 1089 3289 'l’um
1108 3219 1214 3291 vietor
1240 3218 1363 3292 trachis
1383 3226 1607 3317 vietaii'ulas,
1642 3238 1836 3341 doliumque

305 3315 397 3386 sacit:
421 3316 514 3388 saber
538 3318 690 3413 lignarius
719 3312 833 3385 sslbres
859 3313 1066 3387 securiclatos
1088 3312 1268 3401 asseribus,
1301 3314 1337 3389 ἃ
1368 3322 1474 3395 trabes
1495 3330 1638 3406 trabibus
1664 3359 1836 3439 coneopu.

305 3410 366 3482 lat:
390 3416 628 3484 conneiluntur
651 3414 748 3505 etiam
773 3432 936 3503 corpora,
960 3433 1101 3504 quorum
1123 3432 1267 3485 extrema
1290 3418 1324 3487 ia
1348 3415 1486 3493 somam
1507 3448 1667 3505 uncorum
1689 3436 1759 3512 sunt
1783 3447 1834 3518 in·

304 3507 409 3595 flexa,
434 3530 507 3601 que
531 3507 676 3601 implexo
700 3509 871 3583 mutuose
895 3511 1072 3596 irretiunt,
1104 3509 1203 3581 veluti
1233 3510 1357 3583 frusius
1380 3514 1549 3593 mrdanae:
1576 3546 1644 3600 turn
1670 3534 1731 3608 alia
1754 3541 1833 3614 irre.

304 3607 360 3675 rita
380 3608 475 3679 variis
498 3606 757 3693 inflexionibus,
776 3604 989 3697 implexibus,
1015 3608 1191 3679 curvaturis
1215 3610 1311 3681 etiam
1335 3613 1421 3685 inter
1444 3614 1477 3687 se
1500 3622 1734 3705 coherescunt.

348 3714 380 3813 i.
405 3718 562 3803 mcxli.
596 3718 659 3795 His
683 3722 825 3819 cognitis
853 3720 962 3793 modis
994 3720 1059 3793 Ars
1090 3716 1126 3793 dt
1159 3720 1285 3793 Natura
1315 3726 1415 3798 utitur
1446 3730 1488 3801 ad
1521 3756 1660 3829 corpora
1685 3745 1827 3839 separata

301 3815 533 3913 conjungenda
551 3818 609 3895 vel·
624 3820 765 3891 firmiora
788 3818 980 3889 reddentia:
1018 3816 1103 3891 forte
1127 3818 1232 3889 multo
1263 3818 1373 3912 plures
1404 3828 1494 3899 modi
1503 3864 1520 3917 ·,
1545 3840 1690 3913 nondum
1714 3855 1842 3939 eruti,¹
1866 3834 1873 3847 ¹

294 3910 388 3984 idern
414 3918 580 4006 praeliant:
604 3916 671 3989 hoc
691 3915 788 3987 sen‘or
814 3911 849 3984 dt
874 3914 1049 4005 sapientior
1072 3914 1204 4011 deteget
1227 3936 1317 3991 aetas.

351 4028 384 4131 §5
409 4032 584 4116 MCXlll.
610 4034 814 4113 Cosaerentia
836 4028 983 4129 adspirate
1007 4050 1141 4105 vocatur
1159 4032 1226 4115 vis,
1251 4052 1316 4129 que
1335 4052 1457 4133 corpus
1480 4040 1621 4133 resilit,
1634 4068 1677 4119 ne
1700 4050 1829 4155 frangas

1010 4162 1015 4169 '
1755 4176 1837 4250 tur„

295 4324 307 4365 ·'
336 4302 397 4399 lo)
419 4307 570 4389 Mensam
585 4326 802 4389 inMetaiiotb.
818 4326 913 4387 vatic.
928 4340 994 4402 pag.
1010 4338 1077 4397 rao,
1092 4324 1204 4403 Mysius
1223 4325 1254 4387 in
1269 4328 1378 4393 saxon.
1392 4330 1523 4403 subtere.
1536 4350 1651 4417 parnt.
1663 4358 1730 4425 pag.
1746 4354 1805 4417 a„

296 4440 301 4449 ·
322 4458 326 4463 .
360 4402 397 4479 i)
418 4403 586 4481 Philosoph.
607 4406 708 4467 Trans.
728 4408 784 4467 No.
803 4412 873 4479 483·
895 4422 958 4481 pag.
981 4410 1050 4477 458.

359 4488 396 4561 e)
415 4484 562 4543 Rerumur
578 4486 745 4579 ‘Memoires
768 4486 813 4547 sur
836 4486 878 4545 ies
900 4484 1024 4545 infestes
1042 4486 1132 4549 Tom.
1156 4502 1184 4547 2.
1208 4503 1275 4566 pag.
1298 4494 1365 4563 264.

359 4560 398 4643 tl.)
418 4562 616 4644 ebliotapnc.
637 4564 740 4631 Trans.
761 4566 819 4631 No.
840 4580 909 4657 ηρ,
931 4580 997 4643 pag.
1016 4570 1088 4642 461.
