4282 5962
303 334 387 420 ²70
501 312 616 400 DE
695 304 1609 397 ELECTRICITATE.

306 509 378 592 sos,
402 509 595 579 extrinsecus
614 503 774 589 mundos,
799 499 999 596 &jacentes
1024 504 1058 573 in
1082 500 1187 574 sericis
1213 501 1427 574 sustentaculis
1453 502 1560 600 longo
1587 523 1734 596 ternpore
1747 504 1826 577 red·

304 603 370 673 didi
394 602 564 676 elediricos
588 602 628 670 ab
657 620 725 670 uno
747 621 897 671 extremo
923 599 966 669 ad
990 597 1138 668 altemm.
1187 600 1222 669 Si
1246 602 1348 671 vitreo
1381 619 1498 690 aperto
1525 604 1695 693 recipienti
1718 606 1827 694 impo-

302 718 395 768 natur
418 696 607 786 operculum
635 717 676 768 ex
702 694 810 782 Cera,
836 697 938 777 Pice,
965 695 1055 767 Cera
1086 693 1240 788 sigillari,
1266 694 1504 786 Colophonio,
1540 720 1641 771 unum
1667 699 1826 790 pollicem

300 812 354 860 aut
379 791 459 861 ultra
481 790 609 877 crassa,
641 792 838 866 elediricitas
870 793 940 863 tubi
969 792 1061 865 vitrei
1094 793 1148 863 vix
1173 790 1239 862 hoc
1262 810 1472 883 perreptare,
1509 793 1543 865 dt
1569 795 1706 868 sensibili
1731 815 1828 867 motu

297 885 452 957 inclusam
475 887 656 980 plumulam
679 894 801 987 agitare
826 890 960 981 potestt
993 884 1206 959 eledlricitate
1229 888 1346 959 horum
1370 908 1545 979 corporum
1568 892 1715 965 introimi
1740 893 1831 964 elec·

299 982 462 1069 tricitatis,
489 1008 563 1077 quae
588 1008 609 1057 e
635 988 717 1059 tubo
740 986 867 1071 evolat,
892 986 1065 1057 reislente.
1099 983 1173 1054 Pari
1195 982 1298 1074 pado
1330 982 1523 1059 electrinas
1546 988 1725 1062 Turmalini
1752 1010 1827 1061 non

298 1100 467 1170 permeare
490 1083 598 1174 potest
622 1106 764 1176 corpora
790 1080 1036 1166 idiodledirica,
1059 1099 1115 1152 aut
1139 1083 1269 1152 vitrum.
1316 1081 1355 1153 Si
1380 1100 1487 1169 tamen
1512 1104 1642 1183 tegmen
1665 1086 1828 1172 sericum,

301 1184 357 1246 a'ut
387 1180 545 1268 opercula
569 1201 750 1253 memorata
766 1180 949 1253 madescant
963 1178 1066 1272 aqui,
1089 1196 1323 1270 penetrantur:
1349 1179 1426 1267 quia
1450 1201 1557 1253 aurem
1580 1204 1664 1275 aqua
1684 1206 1755 1254 nun
1780 1185 1833 1254 in·

299 1273 447 1369 graditur
481 1298 593 1349 ceram
624 1278 677 1351 vel
707 1280 842 1370 picem,
874 1278 992 1349 horum
1022 1296 1198 1369 corporum
1223 1296 1326 1365 poros
1361 1296 1431 1346 non
1457 1299 1588 1367 mutat3
1620 1301 1694 1369 quae
1719 1298 1830 1352 tamen

298 1390 443 1462 corpora
467 1395 563 1446 antea
586 1398 655 1448 non
679 1395 769 1448 erant
789 1376 1016 1467 penneabilra,
1040 1395 1127 1445 nunc
1147 1371 1277 1443 humida
1294 1392 1504 1462 permeantur
1525 1378 1568 1448 ab
1593 1373 1828 1449 elediricitate:

301 1467 363 1541 An
385 1472 484 1563 igitur
504 1474 554 1541 vis
576 1494 661 1544 cerae
686 1473 739 1545 vel
762 1475 845 1561 picis
868 1470 1023 1544 eledirica
1042 1492 1130 1541 nunc
1153 1469 1194 1540 ab
1219 1466 1316 1538 affusa
1341 1491 1425 1561 aqua
1458 1473 1644 1564 abripitur,
1674 1474 1829 1546 diffundi·

301 1584 448 1654 mrque,
473 1590 510 1636 ur
536 1572 669 1658 corpori
690 1568 776 1657 quai
802 1587 913 1656 pereat
936 1565 1158 1651 elediricitas,
1183 1562 1219 1636 dt
1241 1563 1303 1635 alia
1326 1564 1457 1637 aliunde
1481 1570 1656 1643 adveniens
1681 1594 1750 1643 non
1773 1569 1828 1643 os·

297 1659 389 1728 sensi
420 1662 597 1732 resistentia
628 1683 716 1730 nunc
744 1661 846 1731 libere
879 1663 1038 1734 transeat?
1087 1662 1227 1755 Propter
1258 1662 1397 1733 eandem
1429 1664 1555 1735 musam
1581 1666 1669 1762 ligna
1693 1668 1828 1753 uiridia,

299 1754 446 1825 humoris
467 1756 584 1847 plena,
610 1756 726 1829 melius
746 1778 971 1850 perreptantur
995 1758 1102 1828 aridis.

346 1883 378 1984 s.
405 1884 647 1961 DCCCLlX.
681 1885 854 1980 Qroniam
881 1892 891 1958 i
917 1892 980 1962 itur
1011 1888 1138 1962 eiiluvia
1168 1889 1318 1964 elesltica
1338 1908 1453 1963 ornnes
1475 1887 1601 1963 meatus
1624 1916 1831 1987 corporum,

298 1986 423 2057 etiamst
446 1984 697 2057 densissimorum
724 1983 877 2055 facillime
957 1984 1152 2058 velocissime
1183 1987 1383 2079 pervolant,
1416 2005 1511 2057 erunt
1535 1985 1756 2077 subtilissima,
1792 1989 1833 2063 δι

300 2084 403 2178 longe
428 2086 574 2154 tenuiora
598 2079 760 2172 particulis
786 2083 917 2167 a'e'reis,
942 2082 1091 2157 fluidisve
1114 2082 1362 2172 artificialibus,
1387 2102 1471 2176 quae
1502 2084 1636 2155 trasiare
1664 2085 1832 2176 solemus,

299 2200 378 2249 cum
396 2182 433 2248 iis
453 2177 519 2249 iere
544 2179 697 2248 omnibus
713 2176 795 2247 liber
811 2180 956 2249 transitus
974 2200 1034 2269 per
1052 2182 1133 2252 vitra
1149 2177 1329 2253 &metalla
1350 2180 1398 2252 est
1421 2198 1576 2275 negatus:
1603 2181 1676 2252 Iino
1700 2184 1831 2258 viderur

301 2276 493 2346 eledricitas
518 2276 665 2347 omniurn
682 2274 843 2351 liberrime
860 2298 1027 2368 permeare
1050 2277 1197 2364 metalla,
1224 2277 1333 2350 saltem
1349 2276 1474 2350 facilius
1498 2273 1534 2347 dt
1549 2279 1712 2369 copiosius
1727 2296 1830 2371 quarn

302 2373 392 2471 ligna
415 2394 472 2446 aut
492 2394 599 2468 partes
618 2394 795 2465 corpomm
815 2373 1033 2461 animalium,
1063 2377 1111 2444 uti
1136 2373 1314 2446 Watsonus
1338 2376 1460 2446 evicit:
1486 2374 1578 2465 quod
1597 2398 1668 2447 non
1691 2375 1728 2447 fit
1748 2397 1829 2467 pro·

303 2492 380 2564 pter
397 2471 637 2543 multitudinem
658 2465 694 2537 dt
709 2471 966 2559 magnitudinem
986 2492 1158 2557 purorum.
1183 2470 1273 2543 Nam
1290 2469 1325 2542 hi
1349 2470 1421 2543 sunt
1441 2470 1551 2562 plures
1567 2471 1769 2564 majoresque
1793 2477 1831 2547 itt

302 2570 399 2662 liguis
420 2588 517 2657 quarn
538 2569 571 2636 itt
594 2560 749 2643 metallis,
775 2560 830 2631 sed
855 2565 932 2655 quia
954 2563 1105 2635 eledlrica
1126 2563 1252 2635 effluvio
1273 2568 1408 2635 minimi
1432 2568 1529 2655 copii
1551 2570 1585 2639 in
1607 2569 1745 2642 metallis
1769 2571 1829 2641 de·

300 2661 479 2745 litescunt,
511 2660 587 2731 ideo
613 2680 689 2752 quae
709 2657 841 2730 aliunde
867 2659 1058 2747 accedunt,
1088 2680 1160 2731 non
1182 2658 1241 2732 nili
1262 2663 1414 2755 exiguam
1436 2658 1609 2735 offendunt
1627 2667 1661 2736 in
1688 2666 1830 2738 metallis

303 2758 542 2842 refistetttiam,
567 2778 642 2849 que
674 2755 777 2848 major
805 2756 910 2828 estin
941 2756 1011 2828 aliis
1031 2758 1245 2850 corporibus,
1278 2756 1476 2848 aliquantum
1507 2757 1721 2834 cleriricitatis
1749 2784 1835 2835 con·

301 2852 493 2927 sinentibus:
519 2852 771 2925 demonstratum
791 2851 857 2925 hoc
878 2853 940 2924 fuit
965 2873 1042 2925 cum
1064 2852 1168 2925 homo
1187 2855 1374 2946 pavimento
1393 2852 1536 2924 insrstens
1555 2853 1666 2949 ligneo
1685 2859 1832 2948 phialam

301 2964 379 3023 'cum
393 2972 499 3045 aqua,
525 2949 742 3024 eledtricitatis
766 2949 897 3040 plenam
921 2973 1019 3023 mauu
1037 2951 1203 3041 capiebat,
1223 2946 1308 3021 ¹alter
1330 2949 1439 3020 eidem
1462 2947 1605 3021 insistens
1625 2952 1717 3117 ltiffno
1742 2954 1831 3050 digi-

302 3068 374 3121 tum
396 3049 517 3122 cxserat
541 3050 574 3119 itt
588 3046 772 3119 dillantia'6
783 3046 942 3138 pollicum
964 3048 986 3121 a
1009 3046 1147 3141 plriali,
1169 3044 1292 3119 nullam
1313 3045 1421 3118 eliciet
1441 3064 1482 3117 ex
1503 3067 1543 3117 ea
1563 3045 1627 3118 scin
1641 3050 1649 3065 '
1664 3048 1745 3120 lam:
1768 3072 1831 3121 ve·

302 3168 377 3219 rum
399 3149 498 3219 ambo
518 3144 667 3216 homines
687 3141 770 3213 slent
796 3145 829 3213 in
853 3143 911 3215 iilo
936 3143 1130 3227 metallico,
1153 3142 1247 3235 quod
1272 3144 1307 3213 in
1334 3139 1405 3214 solo
1425 3140 1539 3233 jacet,
1573 3161 1641 3214 turn
1666 3146 1724 3237 qui
1743 3145 1830 3242 digi-

303 3262 373 3315 tum
393 3244 507 3314 exserit
529 3240 670 3332 phialam
693 3237 800 3312 versus
815 3242 850 3311 in
872 3241 972 3331 priori
997 3238 1144 3309 distantia
1169 3235 1340 3335 scintillam
1365 3238 1411 3309 est
1437 3237 1609 3309 eleilurus.

350 3377 383 3477 §-
407 3372 633 3451 DCCCLX.
665 3372 807 3449 Effluvia
831 3375 979 3447 eleeirica
1002 3375 1037 3446 in
1058 3371 1287 3446 idioelet‘nrcis
1310 3373 1454 3446 suscitata
1483 3369 1519 3445 dt
1542 3376 1640 3448 affusa
1660 3381 1730 3451 aliis
1753 3401 1832 3453 cor·

302 3478 440 3572 poribus
463 3496 533 3548 non
556 3474 735 3561 electrices,
761 3471 866 3565 qualia
882 3471 954 3544 sunt
977 3470 1031 3542 fila
1055 3467 1215 3543 metallica
1238 3469 1292 3543 vel
1315 3469 1430 3558 funes,
1455 3493 1494 3543 ea
1516 3472 1679 3565 perfluunt
1704 3472 1739 3547 ἃ
1764 3480 1834 3549 cir·

299 3572 486 3649 cumiluunt
510 3571 588 3643 licet
619 3570 754 3643 milliare
781 3568 1014 3641 Germanicum
1040 3566 1120 3663 (a)
1150 3588 1206 3638 aut
1235 3570 1365 3663 12276.
1386 3568 1488 3662 pedes
1506 3569 1626 3669 longa,
1652 3568 1688 3644 dc
1712 3576 1833 3665 ecquis

300 3677 464 3747 terminos
482 3666 696 3764 longimdlnis
717 3667 857 3740 stutuetl
883 3686 1046 3760 tantaeque
1069 3666 1267 3757 pernicitatis
1288 3665 1334 3738 est
1351 3687 1465 3738 eorum
1484 3670 1519 3739 in
1542 3667 1603 3740 hac
1623 3668 1832 3766 longitudine

301 3769 454 3858 volatus,
478 3788 514 3840 ut
536 3766 693 3857 temporis
715 3764 917 3838 intervallum
940 3765 982 3836 ab
1002 3783 1149 3835 extremo
1166 3760 1208 3831 ad
1223 3782 1403 3835 extremum
1423 3784 1557 3836 notante
1581 3766 1742 3835 Watsono
1761 3766 1831 3861 (b)

294 3860 342 3940 .&
359 3867 556 3939 llllonnierio
582 3863 683 3957 (c),
707 3862 866 3935 observari
889 3884 958 3934 non
979 3858 1100 3955 polim
1128 3857 1237 3930 saltem
1261 3859 1352 3955 silum
1375 3856 1541 3942 ferreum,
1566 3857 1645 3930 licet
1665 3880 1728 3950 pro
1751 3884 1832 3952 par·

298 3974 341 4039 ‚te
360 3960 496 4050 jacuerit
518 3964 554 4030 in
579 3959 715 4028 humido
742 3961 917 4051 gramine,
948 3961 984 4029 in
1013 3955 1169 4049 sepibus,
1199 3959 1234 4027 in
1258 3955 1327 4027 solo
1350 3970 1496 4025 recenter
1515 3973 1635 4042 arato,
1668 3952 1705 4026 ἃ
1739 3979 1829 4051 950.

308 4052 494 4151 bexapedas
527 4052 667 4147 longum
694 4072 879 4145 permeatur
908 4055 1049 4130 breviori
1071 4072 1222 4147 tempore
1244 4072 1342 4147 quam
1357 4042 1395 4143 ἑ.
1418 4050 1534 4123 minuti
1560 4048 1713 4141 secundi,
1736 4055 1832 4169 quod

1730 4170 1833 4225 etiam

367 4362 385 4404 a
427 4343 596 4407 windlerua
617 4362 634 4407 a
653 4344 853 4425 Stortewagen
874 4347 904 4411 ln
923 4351 1059 4416 Teutam.
1078 4348 1185 4415 Eleitr.
1206 4358 1272 4425 pag·
1293 4352 1323 4421 6,

343 4340 385 4587 {i
425 4423 562 4497 Accouut
582 4427 621 4486 os
635 4428 687 4488 tbu
709 4430 904 4503 experimenta
923 4447 988 4508 pag.
1013 4446 1060 4504 ³!-
1084 4432 1111 4491 ὰ
1132 4444 1183 4502 41.
1204 4426 1374 4504 Philosopb.
1393 4426 1539 4491 Traulbd.
1561 4426 1618 4487 No·
1640 4428 1710 4499 489·

366 4504 403 4581 a)
422 4500 574 4660 lpfflstgg:
601 4505 638 4568 dc
668 4505 782 4575 l’rlcad.
809 4508 885 4577 Rois
907 4510 959 4578 Aa
992 4510 1079 4587 114⁶·
1105 4526 1173 4597 pag.
1203 4522 1274 4589 ⁴51·
1308 4508 1478 4591 Philosopb.
1508 4505 1653 4572 Trmstd.
1673 4506 1731 4571 No.
1749 4506 1826 4586 4813
