4282 5962
214 161 1463 264 suasuustsustiuosorsiarvoi.
1587 206 1634 284 a

151 366 233 452 En,
259 386 380 460 corpus
402 366 468 436 hoc
487 367 715 457 mancupio,
741 360 861 460 digitos
876 361 969 447 luxu,
995 360 1081 433 cadit
1097 366 1130 435 in
1148 365 1275 450 soluin3
1303 369 1348 437 ob
1368 391 1465 458 quam
1486 370 1637 441 caiisain'i

105 462 191 562 Quia
204 487 327 556 eorpus
349 485 444 560 grave
461 463 521 534 est:
549 463 694 535 Ulterius
708 484 850 554 quaero,
874 483 1028 551 quaenam
1043 461 1183 534 sitcausa
1199 465 1384 557 gravitatis,
1410 488 1487 554 qua:
1500 466 1638 540 demon-

104 565 190 635 llmri
209 562 341 654 potest?
367 560 465 635 Nihil·
481 562 612 634 invenio
633 560 699 631 huc
719 579 823 651 usque
842 572 1049 650 compertum
1071 555 1105 628 δι
1128 560 1328 650 ρτοδειωιηῑ
1362 558 1473 654 Quam
1497 564 1541 632 ob
1565 568 1640 634 rem

100 659 232 732 subsisto
243 710 262 745 ,.
279 659 513 752 exspesiatums
528 657 635 729 donec
652 656 790 729 feliciori
813 675 962 747 tempore
981 658 1186 746 inveniatur3
1220 659 1366 749 quamvis
1385 656 1466 729 illud
1487 657 1636 749 explora-

99 776 170 829 tum
186 757 343 842 habeam,
369 754 450 829 nihil
468 754 538 826 sieri
555 753 694 847 potuisse
712 755 779 826 sine
794 753 898 828 causa

140 868 341 967 'dxxxii
367 868 496 940 Idcirco
512 866 707 960 hypotheses
721 864 964 961 &conjectum
979 887 1021 939 ux
1033 867 1166 960 Physica
1181 867 1252 943 liant
1266 866 1508 963 proscribendos
1525 864 1561 939 dt
1577 863 1636 936 eli-

99 967 288 1051 minandas:
321 965 498 1063 Quicquid·
513 971 601 1037 enim
620 986 661 1035 ex
676 967 714 1035 iia
729 964 921 1062 colligitur,
951 964 998 1036 est
1014 987 1132 1064 vagum
1154 965 1189 1039 δι
1211 968 1425 1052 inconstans,
1466 989 1536 1037 uec·
1552 968 1637 1034 inter
1720 983 1722 987 ·

102 1064 321 1136 demonstrata
338 1062 448 1153 potest
471 1061 609 1130 haberi-z
644 1060 808 1129 Praeterea
831 1062 1063 1151 hypothesibus
1083 1084 1296 1158 aggravatur,
1334 1086 1402 1135 non
1424 1080 1636 1154 promovetur

101 1161 252 1245 scientia,
277 1158 465 1230 suscitantur
484 1154 714 1228 controversae
732 1155 887 1240 inutiles,
914 1161 1141 1246 intorquentur
1159 1161 1402 1249 phaenomena,
1427 1159 1635 1231 circumstan-

104 1260 161 1329 tiae
189 1259 384 1328 comitantes
408 1254 604 1344 maximique
624 1255 783 1323 momenti
811 1253 1043 1349 negliguntur,
1065 1253 1117 1324 vel
1139 1254 1350 1346 rejiciuntum
1377 1259 1452 1328 imo
1471 1256 1636 1351 linguntur

103 1355 281 1446 quaedant,
306 1374 385 1443 quae
404 1372 479 1422 cum
495 1351 770 1423 observationibus
782 1351 975 1435 miscentur,
999 1369 1040 1419 ut
1049 1349 1244 1442 hypotheses
1259 1348 1505 1424 roborentur&
1523 1350 1636 1421 desen·

103 1453 237 1523 dantur:
261 1449 351 1522 Nam
366 1447 513 1521 nonnulli
526 1447 715 1539 Philosophi
735 1448 847 1518 studio
857 1443 1044 1539 partium&
1063 1469 1144 1518 vana
1166 1447 1221 1538 spe
1264 1446 1384 1534 iuriae,
1401 1470 1456 1519 aut
1481 1448 1640 1540 quastus,

103 1551 208 1645 magis
230 1570 327 1640 quam
347 1567 459 1618 amore
481 1548 620 1617 veritatis
645 1547 844 1631 incitantur,
883 1544 915 1615 se
937 1545 1010 1637 plus
1031 1542 1111 1614 scire
1130 1543 1225 1636 prose
1248 1567 1285 1630 i,
1315 1568 1414 1637 quain
1439 1546 1566 1628 sciunt,
1599 1542 1638 1615 hi

104 1645 195 1716 lisias
217 1644 398 1717 suscitantes
421 1639 457 1715 ἃ
477 1642 543 1715 fine
567 1641 633 1715 ulla
654 1641 857 1715 dubitatione
879 1641 1091 1713 defendentes
1119 1642 1313 1729 sententias,
1337 1642 1510 1714 hominum
1530 1641 1634 1712 inibe-

100 1742 265 1815 cillitatetn
292 1760 484 1832 occupant,
506 1739 639 1831 'suaque
658 1740 791 1813 audacia
817 1735 857 1811 δι
877 1742 1047 1810 autoritate
1071 1739 1249 1812 multorum
1268 1742 1395 1819 animos
1409 1742 1599 1832 opprimunt
1619 1759 1633 1823 ;

98 1839 132 1914 hi
154 1838 259 1912 multo
279 1838 522 1932 plusseientite
546 1857 697 1927 nocent,
731 1859 830 1931 quam
857 1838 992 1932 prosunt
1008 1885 1027 1924 ,-
1060 1841 1193 1912 minime
1215 1858 1430 1930 promovent..
1473 1836 1633 1909 Observa

98 1940 203 2008 tiones
218 1935 254 2008 dt
269 1940 491 2032 experimenta
516 1938 588 2010 sunt
609 1936 676 2009 sola
697 1936 907 2009 fundamenta
934 1935 1083 2026 Physicae
1098 1983 1119 2023 ,·
1148 1958 1227 2029 quae
1250 1956 1398 2008 accurate
1422 1929 1457 2006 dt
1483 1933 1632 2005 Geome-

95 2037 174 2106 trice
189 2036 328 2127 eiqiensa
351 2035 441 2128 saepe
462 2035 541 2107 dant
563 2035 769 2107 occasionem
789 2031 975 2107 inveniendi
998 2032 1135 2121 causas,
1166 2053 1367 2106 cumeorum
1392 2029 1633 2129 mamitudinea

95 2126 369 2224 &proprietates
388 2131 604 2225 expediendi,
629 2135 676 2202 uti
696 2135 730 2203 in
746 2132 900 2223 exemplo
921 2128 1136 2218 Antliamin,
1160 2152 1279 2221 aquam
1301 2153 1343 2207 ea
1360 2152 1462 2222 puteo
1481 2129 1634 2200 haurien·

93 2230 201 2314 tium,
220 2231 387 2302 constitit:
424 2230 491 2301 Sed
510 2252 580 2299 non
604 2229 730 2318 semper
748 2231 818 2299 erui
840 2228 946 2298 causae
961 2225 1120 2317 posunt,
1146 2227 1233 2296 ideo
1250 2230 1347 2298 etiam
1367 2248 1470 2317 pauca
1491 2224 1633 2315 explica-

92 2327 141 2403 ii,
166 2325 210 2390 sic
241 2326 376 2411 quidem
402 2324 514 2393 multis
531 2328 565 2391 in
584 2324 809 2391 occasionibus
830 2323 943 2390 sterilis
963 2321 1117 2391 conditur
1139 2322 1308 2401 dosuina,
1333 2340 1480 2391 attamen·
1497 2341 1572 2390 vera
1596 2314 1637 2387 δι.

96 2415 234 2507 stabilis..
284 2415 488 2510 Quicunque
510 2413 628 2483 multas
647 2411 886 2482 observationes
909 2408 949 2480 dt
971 2414 1193 2500 experimenta
1215 2416 1249 2481 in
1268 2418 1461 2503 corporibus
1487 2437 1564 2482 eunt
1586 2432 1634 2480 at·

95 2513 244 2583 teodone
266 2510 420 2605 diligenti.
441 2507 539 2591 secit,
564 2509 708 2575 animum
723 2508 766 2572 ab
792 2501 1075 2595 hypothesibus&
1087 2504 1289 2594 conjecturis
1304 2508 1446 2576 alienum
1466 2510 1638 2596 acquiret3.

95 2609 172 2699 quia
187 2608 347 2676 continuo
366 2604 512 2686 invenit,
533 2619 681 2672 naturam
695 2598 761 2669 alio
780 2601 906 2690 operari
931 2598 1055 2680 modo,
1080 2619 1179 2689 quam
1202 2601 1328 2689 opinari
1344 2621 1400 2671 aut
1417 2600 1562 2693 suspicari
1581 2601 1632 2671 so·

96 2703 202 2790 labat,
228 2696 263 2773 δι
305 2698 411 2771 torsus
426 2720 446 2770 a
460 2698 611 2794 cogimtis
625 2694 745 2767 alieuas
758 2693 822 2766 else
836 2697 976 2787 partium
986 2692 1285 2780 conformationes,
1304 2691 1339 2765 δι
1358 2717 1635 2799 corpommqua

95 2799 226 2871 litates:
258 2722 304 2870 iti³
315 2795 484 2869 manifesto
506 2792 631 2867 coastat
647 2794 682 2864 in
704 2792 901 2884 saporibus,
928 2809 996 2860 tum
1012 2792 1046 2860 in
1064 2789 1161 2861 vadiis
1181 2786 1282 2862 Lucis
1296 2791 1418 2864 Solaria
1432 2788 1507 2865 &ca

106 2906 154 3006 .§.
165 2906 328 2980 XXXllL
343 2904 557 2978 lncausariun
571 2923 803 2995 corporearum
817 2899 1062 2996 investigatione
1078 2906 1238 2996 occupati
1249 2905 1478 2978 ineluslabiles·
1489 2905 1629 2983 offentii·
1751 2908 1761 2923 “

97 3028 169 3077 mus
186 3003 419 3084 difficultates,¹
436 3005 513 3088 quia
532 3000 636 3067 nullas
655 2997 808 3093 regulas,
833 3018 893 3071 aut·
905 3001 1042 3070 certiora
1063 2999 1182 3071 indicia
1193 3000 1258 3072 huc
1272 3023 1376 3093 usque
1388 3003 1545 3076 habemus
1562 3057 1574 3092 ,
1589 3029 1636 3080 eis

98 3102 217 3195 quibus
241 3095 503 3188 uphaenomenis
522 3093 741 3184 incipiendo,¹
757 3115 825 3164 nos·
841 3111 951 3164 totam
967 3093 1080 3167 seriem
1104 3097 1267 3168 causarum
1291 3101 1415 3188 absque
1440 3099 1527 3172 hiatu
1549 3124 1646 3175 con-t

98 3195 264 3280 sderasle',
289 3188 325 3266 ἃ
348 3215 368 3264 a
387 3194 491 3283 prima
505 3189 548 3261 ad
561 3189 707 3261 ultimam
717 3189 903 3287 indagando
919 3186 955 3259 dt
970 3192 1194 3264 ratiocinando
1210 3193 1388 3284 pervenisse
1400 3217 1476 3267 vete
1492 3197 1635 3271 scimust.

99 3292 244 3391 Quando
257 3290 300 3362 ad
315 3290 481 3375 ultimam,
507 3308 586 3380 quae
602 3287 622 3357 d
639 3285 705 3357 sola
719 3284 786 3358 Dei
811 3288 960 3379 potentia
976 3289 1124 3379 pendet,
1148 3290 1420 3381 pervenissemus,
1451 3299 1633 3369 connexio·

100 3389 304 3465 uemclaram
320 3390 405 3459 inter
422 3382 549 3455 eausam
561 3380 597 3453 dt
613 3384 754 3455 divinam
776 3386 957 3476 potentiam
978 3405 1047 3457 non
1069 3386 1337 3483 intelligeremus:
1363 3392 1439 3480 quia
1452 3412 1633 3483 numquam

103 3485 274 3581 quomodo
294 3483 412 3567 Deus,
437 3482 496 3570 qui
511 3477 558 3548 est
581 3479 717 3569 Spiritus
735 3481 907 3568 infinitus,
944 3483 980 3556 iu
1001 3503 1146 3576 corpora
1167 3506 1349 3577 operatur,
1379 3487 1430 3559 ab
1445 3490 1555 3561 animo
1570 3489 1631 3565 hu·

100 3605 202 3659 mano
223 3582 355 3668 concipi
369 3578 501 3681 pqteriti
1645 3622 1651 3631 ·

149 3677 276 3750 uerum
304 3673 401 3745 Deus
415 3670 645 3759 instrumenta,
670 3674 789 3765 quibus
813 3673 1014 3749 Universum·
1029 3681 1211 3752 immediate
1233 3687 1343 3777 regit,
1374 3705 1438 3755 tam
1453 3683 1556 3760 densa
1578 3693 1634 3761 in·

103 3777 203 3852 volvit
227 3771 326 3845 nostri
347 3769 495 3863 respettu
509 3771 631 3866 ingenii
649 3772 788 3842 tenebiis
798 3822 820 3856 ,.
835 3791 872 3843 ut
892 3771 1084 3865 Philosophi
1101 3797 1140 3847 ea
1159 3797 1272 3850 eruere
1288 3775 1324 3848 dt
1338 3785 1493 3852 extricare
1506 3806 1633 3873 neque·

104 3894 185 3946 ant:
217 3870 293 3940 ideo
313 3868 418 3939 ubivis
436 3865 603 3957 extemplo
629 3866 748 3937 limites
777 3865 919 3942 scientiae
940 3872 1145 3943 invenimus-t
1177 3876 1221 3944 ita
1239 3874 1387 3946 increscit
1406 3877 1514 3948 nostra
1531 3901 1631 3951 vene·

104 3971 191 4045 natio
206 3968 239 4037 in
252 3963 364 4036 Deum
377 4014 396 4049 ,
412 3983 510 4055 atque
524 3962 657 4035 infinitis
677 3962 874 4056 pambus-ib
897 3987 940 4037 eo
955 4016 975 4050 ,.
1001 3967 1126 4060 quiesi
1146 3967 1221 4041 sons
1241 3967 1277 4042 dt
1299 3973 1394 4067 origo
1413 3977 1560 4047 omnium
1581 3975 1629 4048 es·

105 4066 272 4140 seduum,
297 4059 476 4146 caularum,
501 4054 536 4131 δι
564 4064 806 4152 potentiarum,
838 4084 901 4134 nos
922 4062 1036 4134 distare
1060 4064 1254 4138 advertimus
1271 4063 1312 4138 δι
1331 4068 1551 4143 confitemur:
1582 4075 1631 4146 ita

108 4165 250 4236 animum
272 4156 416 4229 revelatis
438 4160 470 4228 in
489 4156 574 4229 sacra
595 4158 749 4249 scriptura
774 4158 867 4230 ultro·
886 4159 1124 4245 submittimus,
1165 4184 1303 4255 eamque
1322 4165 1399 4237 licet
1419 4166 1556 4258 plurima
1577 4170 1636 4258 sut

108 4280 166 4354 pra
187 4255 364 4327 humanum
389 4274 516 4345 captum
536 4254 645 4344 polita.
658 4255 911 4348 eomplesiatur,
935 4258 1045 4330 devoti
1061 4280 1259 4332 veneramur.

156 4365 382 4543 &xxxiia
407 4369 819 4500 ssffiduumnnaturaliutn
840 4374 979 4468 ejusdem
996 4378 1122 4471 generis
1142 4377 1259 4492 eedem
1271 4379 1354 4472 sunt
1369 4384 1482 4485 cavsae.

195 4487 222 4542 u
234 4463 448 4560 tesptmuouu
468 4490 502 4542 tn
520 4468 655 4543 homine
681 4465 717 4542 bt
737 4469 837 4544 bestia
853 4492 1048 4663 quagungque
1070 4474 1205 4550 unestn
1220 4475 1266 4552 esi
1281 4478 1394 4555 eadem
1413 4483 1523 4578 causa3
1540 4479 1632 4674 Ἥ
