4282 5962
513 296 1516 409 PROJECTORUM.
1702 296 1789 417 '215

263 505 319 575 ubl
342 502 387 574 esi
408 499 484 598 gria
497 497 557 583 D,
582 499 637 588 qui
654 456 722 567 turn
740 493 894 566 collineat
910 498 943 567 in
964 494 1200 584 resiaBGC,
1225 497 1313 570 videt
1332 498 1466 591 scopum
1483 499 1551 584 C,
1564 525 1641 574 cum
1667 505 1787 599 globus

262 601 410 695 dirigitur
431 620 472 669 ex
492 598 567 694 gula
590 596 628 668 D
649 593 690 664 ad
714 592 767 677 E,
793 614 905 664 verum
932 614 1000 685 quo
1024 614 1172 687 tempore
1193 592 1312 669 leretur
1336 616 1377 669 ex
1400 596 1438 669 D
1461 596 1502 667 ad
1524 596 1580 683 E,
1605 601 1690 670 cadit
1713 624 1784 699 gra·

261 699 361 770 vitate
394 718 435 767 ex
469 695 500 766 E
531 694 573 765 ad
607 692 670 776 C,
700 690 852 779 adeoque
876 690 1007 763 ferietur
1030 691 1147 785 scopus
1174 692 1220 767 C.
1269 693 1351 766 Ideo
1384 715 1453 787 quo
1484 693 1647 787 objesium
1668 696 1783 770 ferien-
1813 677 1888 739 Tab.
2031 691 2038 702 '

262 793 342 872 dum
365 818 383 864 a
404 794 548 885 sclopeto
577 790 716 882 amplius
738 788 858 876 abest,
890 812 932 861 eo
951 790 1046 861 altior
1070 790 1168 861 debet
1186 790 1250 863 esi'e
1274 792 1401 883 dioptra
1423 792 1524 879 AB,
1556 791 1591 864 dt
1616 792 1693 863 ideo
1727 756 1913 911 quiffilgilg&

262 891 423 988 Sclopetis
447 891 571 962 Striatis
597 887 810 982 (Getroiken
832 888 972 982 Buffen)
1001 907 1154 972 utuntur,
1180 886 1215 961 dt
1239 889 1358 961 feriunt
1380 888 1507 982 objecit
1528 890 1570 962 ad
1605 889 1784 963 distantiam

268 1012 364 1089 1500
388 1008 443 1059 aut
469 1008 563 1059 2000
585 988 738 1077 pedum,
772 988 927 1058 uariarum
959 984 1164 1057 altitudinum
1195 974 1340 1079 didptras
1353 986 1432 1058 loco
1453 986 1624 1080 posteriori
1640 987 1787 1082 Sciopetl

264 1092 334 1169 AB
349 1092 544 1177 imponunt,
569 1104 611 1154 eo
634 1084 784 1170 altiores,
810 1104 877 1172 quo
899 1080 1063 1175 objeslum
1088 1081 1270 1155 feriendum
1297 1083 1332 1156 C
1356 1084 1491 1156 ulterius
1511 1085 1610 1157 abest.

313 1186 405 1261 Solet
432 1180 565 1275 quidem
587 1201 714 1252 camera
733 1179 959 1273 cujuscunque
984 1182 1139 1250 tormenti
1173 1181 1242 1251 lieri
1271 1178 1398 1253 crailior
1423 1183 1546 1273 reliqua
1592 1200 1685 1271 arte,
1711 1184 1788 1275 quia

262 1293 329 1364 vim
349 1285 523 1362 marimens
547 1278 655 1371 pulvis
678 1280 788 1369 pyritis
811 1276 959 1348 incensus
982 1280 1016 1347 in
1035 1277 1097 1347 hac
1122 1290 1250 1348 camera
1277 1297 1433 1364 exercet,
1458 1205 1614 1349 decredit
1635 1281 1683 1350 vis
1707 1278 1788 1350 elas·

264 1390 353 1468 sica,
388 1402 457 1471 quo
478 1378 613 1471 spatium
633 1375 681 1447 est
702 1373 866 1467 amplius,
899 1370 936 1446 dt
961 1374 1038 1446 ideo
1061 1378 1205 1449 anterior
1229 1378 1382 1447 tormenti
1401 1396 1476 1468 pars
1509 1374 1635 1469 semper
1660 1377 1790 1448 tenuior

264 1484 328 1559 esse
374 1480 468 1550 otest.

313 1503 497 1651 Tgrmenta
517 1594 625 1646 autern
644 1570 761 1644 bellica
782 1571 905 1666 majora
925 1591 993 1643 non
1012 1572 1165 1663 aquabili
1186 1568 1320 1643 crassitie
1343 1568 1532 1643 decrescunt
1555 1592 1576 1642 a
1601 1590 1727 1643 camera
1749 1570 1790 1642 ad
1824 1587 1903 1654 ‘rabs

262 1679 393 1778 gulam,
417 1672 472 1743 sed
492 1673 688 1763 plerumque
707 1669 818 1768 gttlam
840 1669 943 1740 ambit
965 1667 1097 1741 crafflor
1116 1669 1238 1741 metalli
1254 1667 1376 1739 moles:
1402 1669 1617 1761 quamobrem
1643 1690 1710 1760 ope
1728 1668 1893 1739 huaxvu.

258 1773 403 1872 jusmodi
425 1769 626 1860 dioptrarum
651 1787 719 1839 non
742 1784 893 1839 accurare
911 1766 1007 1862 dirigi
1029 1765 1135 1859 posset
1159 1785 1377 1851 tormentum,
1404 1785 1440 1836 ut
1455 1765 1574 1862 globus
1595 1763 1704 1836 feriret
1719 1753 1921 1837 sco-Flesti·

260 1895 361 1969 pum,
385 1872 495 1957 itaque
518 1864 698 1954 Cylindrus
722 1867 905 1935 immittitur
923 1866 1040 1935 animae
1057 1865 1232 1951 tormenti,
1256 1885 1403 1955 quocum
1424 1866 1603 1959 congruit:
1628 1862 1791 1933 Extremo

260 1962 536 2063 cylindrijaffirus
561 1963 608 2032 est
628 1960 846 2032 semicirculus
869 1958 994 2033 AGD
1020 1960 1136 2033 divisus
1157 1964 1191 2032 in
1217 1962 1357 2057 gradus,
1379 1960 1471 2053 cujus
1485 1980 1600 2032 centro
1618 1958 1650 2031 C
1669 1980 1794 2053 appen-

263 2070 318 2140 det
344 2060 526 2157 pendulum
548 2058 644 2143 CF,
670 2076 807 2149 tumque
828 2057 967 2223 angulus
991 2056 1106 2130 GCF
1131 2059 1178 2127 est
1199 2059 1332 2150 aequalis
1354 2057 1477 2153 angulo
1505 2055 1659 2133 ARH.
1692 2074 1795 2151 quem

261 2169 368 2237 aalma
391 2158 545 2229 tormenti
567 2176 645 2226 cum
668 2155 841 2226 horizonte
883 2152 950 2224 tii
974 2153 1078 2241 facit,
1105 2153 1195 2225 Nam
1218 2154 1357 2249 angulus
1381 2154 1669 2234 DCF÷GCF
1685 2152 1731 2225 est
1749 2176 1794 2225 aa·

262 2261 366 2354 qualis
391 2256 500 2326 recto:
525 2251 663 2346 angulus
685 2249 892 2328 CRll÷R
906 2248 976 2322 CF
996 2249 1043 2320 est
1065 2251 1197 2339 aequalis
1218 2255 1330 2333 reilo,
1355 2273 1436 2344 ergo
1456 2252 1593 2345 angulus
1610 2251 1727 2323 GCF
1749 2250 1796 2322 est

263 2347 566 2515 aequalisfiQRll,
592 2349 650 2434 qui
674 2346 722 2415 est
744 2347 883 2437 angulus
906 2346 1021 2417 elevati
1047 2348 1201 2415 tormenti
1222 2367 1299 2414 cum
1315 2345 1505 2415 horizonte:
1533 2347 1602 2417 Alii
1616 2347 1684 2417 aliis
1699 2365 1800 2428 utun-⁴

360 2469 400 2518 rn
425 2466 495 2514 cns.

267 2472 519 2639 turwgagffimo
540 2556 650 2611 autem
670 2534 781 2633 anguli
805 2535 928 2628 quaesiti
951 2533 1074 2608 ARH
1097 2548 1139 2606 err
1159 2535 1421 2627 praecedentibus
1444 2535 1630 2608 innotescit.-

315 2654 347 2752 ᾗ
374 2646 548 2725 DCClX.
570 2646 787 2719 Tormentum
809 2645 975 2715 Bellicum
1008 2646 1154 2745 genestre
1185 2649 1293 2717 currui
1312 2646 1382 2717 alto
1407 2647 1514 2740 (Ean
1537 2648 1659 2742 Affuyt
1679 2648 1795 2743 dista)

264 2753 394 2847 insstit,
417 2744 634 2815 Tormentum
649 2741 762 2813 navale
776 2746 884 2812 currui
899 2741 1064 2813 humiliori
1090 2743 1192 2837 (Eert
1214 2742 1431 2838 Rarpaard).
1454 2768 1459 2776 ·
1481 2744 1593 2815 Potest
1611 2746 1706 2841 dirigi
1719 2745 1795 2841 glo·

261 2852 322 2922 bus
349 2839 625 2923 horizontaliter,
651 2858 786 2928 tumque
808 2835 952 2908 citillrnte
975 2837 1101 2910 labetur
1125 2837 1359 2927 insanam&
1389 2838 1571 2931 amplitudo
1596 2839 1699 2934 juiius
1731 2844 1793 2913 erit

262 2946 421 3026 minima,
446 2937 499 3010 vel
531 2936 678 3031 dirigitur
704 2934 825 3030 globus
853 2934 911 3006 sub
939 2934 1076 3030 Angulo
1112 2955 1162 3029 45
1185 2959 1235 3104 gr
1257 2958 1393 3029 tumque
1419 2934 1602 3028 amplitudo
1620 2937 1723 3030 jasius
1743 2936 1792 3010 est

1172 3056 1195 3123 p
1209 3054 1254 3103 tut

263 3043 433 3122 maxima,
461 3033 518 3104 sub
543 3052 744 3122 quocunque
762 3030 829 3102 alio
845 3030 968 3127 angttlo
991 3030 1101 3103 differt
1118 3054 1170 3103 am
1256 3032 1301 3103 do
1319 3033 1424 3127 jasius
1441 3034 1704 3126 :amplitudines
1723 3034 1791 3128 jac.

265 3160 384 3221 tuum,
410 3150 508 3225 prout
532 3130 573 3199 ab
593 3130 792 3219 experientia
814 3126 949 3200 deteeiae
973 3127 1066 3215 sunt,
1094 3130 1127 3199 in
1151 3127 1260 3200 tabula
1277 3130 1413 3228 collegit
1437 3126 1521 3202 Nob
1538 3130 1681 3205 Wolilus
1697 3136 1731 3204 in
1748 3120 1799 3203 Εζ

266 3234 416 3310 lomentis
443 3224 687 3317 Pyrotechnicis
709 3244 785 3322 pag.
811 3236 894 3319 2'30.
927 3238 1012 3320 quae·
1027 3222 1141 3318 inspici
1163 3224 1295 3323 poten:
1328 3226 1469 3301 Ponitur
1495 3228 1628 3321 pondus
1652 3230 1796 3323 pulveris

266 3336 350 3433 pyrii
370 3333 403 3400 in
427 3328 550 3397 ratione
577 3321 734 3414 subdupla
754 3321 858 3420 globi.
887 3336 890 3343 ·
1695 3344 1704 3359 .

299 3456 533 3632 1§.DCCX.
558 3454 781 3526 Memoratam
809 3453 970 3525 Tabulam
983 3455 1225 3547 inspicientibus
1240 3476 1351 3550 patet,
1376 3455 1570 3548 plerumque
1582 3452 1704 3548 globos
1722 3477 1798 3553 gra-

265 3566 297 3639 vi
321 3582 405 3631 tmos
426 3556 467 3626 ad
490 3552 646 3643 majorem
665 3548 786 3640 ¹projici
809 3549 989 3621 distantiam
1007 3554 1214 3624 minoribus:
1245 3555 1339 3649 globi
1366 3573 1474 3623 tamen
1497 3555 1554 3643 qui
1577 3573 1619 3621 ex
1639 3572 1710 3623 toto
1733 3554 1795 3639 ser-

266 3678 367 3754 pente
400 3641 688 3743 expelluntur,&
716 3645 787 3718 sunt
812 3646 849 3720 ib
887 3647 943 3719 18.
972 3647 1014 3718 ad
1045 3651 1223 3720 maximum
1246 3650 1359 3721 volant
1381 3647 1593 3721 intervallum.
1642 3649 1797 3720 Soliditas
1841 3706 1844 3711 .

267 3756 445 3856 globorum
468 3746 515 3819 est
540 3765 577 3816 ut
597 3744 702 3817 cubus
724 3744 901 3831 diametri,
935 3743 1108 3816 refistentia
1134 3746 1219 3817 airis
1242 3765 1280 3816 ut
1300 3743 1483 3837 superficies
1501 3743 1566 3813 five
1588 3739 1796 3838 Quadratum

268 3851 441 3933 diametr13
474 3845 546 3916 sunt
570 3862 649 3913 vero
672 3840 857 3932 superficies
875 3844 910 3913 in
930 3844 1055 3913 ratione
1076 3840 1211 3918 inversa·
1226 3841 1458 3914 diametrorum
1486 3837 1633 3933 respectu
1653 3839 1796 3912 solidita·

268 3970 359 4030 tum,
382 3946 460 4015 ideo
479 3942 621 4013 minores
643 3938 737 4035 globi
759 3936 916 4031 majorem
935 3941 979 4010 ab
1001 3940 1077 4011 aire
1101 3937 1275 4013 offendunt
1294 3938 1529 4025 resistentiam,
1561 3958 1664 4028 ocyus
1693 3957 1792 4010 retar-

269 4049 417 4127 dantur,
447 4058 508 4110 nec
529 4036 664 4130 spatium
692 4054 787 4129 aeque
820 4056 976 4133 magnum
1003 4036 1169 4111 conficere
1194 4036 1344 4131 polluat:
1369 4033 1508 4107 Videtur
1528 4056 1636 4109 autern
1656 4030 1793 4127 aliquod

270 4142 459 4219 Maximum
483 4135 537 4206 hic
558 4135 677 4207 habere
696 4133 809 4208 locum
832 4136 867 4207 in
881 4134 990 4230 globis
1006 4132 1045 4207 lli
1077 4137 1143 4223 18,
1174 4138 1233 4229 qui
1251 4156 1295 4209 ex
1321 4135 1478 4228 Serpente
1501 4152 1576 4207 toto
1601 4134 1789 4228 ejiciuntur:

269 4240 361 4335 cujus
384 4231 559 4331 longitudo
581 4232 627 4304 est
648 4231 839 4305 callbrarum
864 4252 922 4325 30.

319 4381 352 4471 §.
379 4372 563 4451 DCCXl.
593 4360 774 4444 Tormenta
804 4372 930 4447 Bellica
956 4391 1052 4457 ‚tama
1079 4369 1290 4468 longitudinis
1311 4368 1512 4457 fabrefiunt,
1543 4391 1580 4442 ut
1599 4370 1705 4465 pulvis
1729 4386 1793 4464 py-

274 4483 366 4564 rius,
399 4478 455 4566 qui
488 4466 655 4543 successive
683 4468 893 4557 incenditur,
923 4490 1012 4543 totus
1041 4471 1079 4542 sir
1099 4468 1272 4555 incensus,
1305 4489 1477 4561 antequam
1500 4467 1619 4565 globus
1648 4490 1689 4540 ex
1714 4465 1790 4562 gula

277 4575 429 4727 tormenti
455 4571 578 4644 exivit:
611 4565 760 4642 excussus
784 4570 900 4656 enim,
924 4589 995 4642 non
1021 4565 1158 4662 amplius
1178 4568 1244 4642 uim
1268 4568 1441 4662 acquirite
1459 4568 1612 4661 puluere,
1636 4558 1694 4659 qui
1707 4561 1798 4733 dggs
