4282 5962
280 310 367 413 aaa
464 282 1611 393 nanonnaaurmaaarram-rara„-
1768 303 1771 309 ·

292 496 435 666 ἵςέισῐὴίε
460 494 657 609 templorum
673 488 746 562 altis
759 482 888 579 prcllat
908 482 1053 557 lamellas
1073 504 1212 577 parvas,
1229 506 1328 579 qttam
1341 508 1477 589 magnas
1489 493 1649 589 posuisse,
1674 496 1711 575 dt
1727 503 1821 582 suan.

200 644 205 651 ·
247 645 250 651 ·
288 614 317 667 tt
341 616 379 673 us
403 613 553 687 parcatur.

173 813 187 835 '-
231 824 236 833 ·
274 836 278 841 -
340 789 374 889 5.
396 780 601 862 MCCXVI.
624 778 742 853 veno
768 778 858 853 suilla
888 776 987 875 ligata
1002 777 1069 851 -fttit
1088 781 1183 853 circa
1207 776 1389 871 cylindrum
1404 782 1554 860 diametri
1575 794 1608 865 6.
1633 798 1821 888 pollicuma

288 910 334 961 ear
358 886 509 975 cylindro
531 880 649 952 tabula
672 877 780 951 antlia
802 875 956 969 impofito
978 876 1148 949 exhaustas
1172 877 1219 949 est
1244 881 1301 953 ait
1325 877 1438 951 donec
1463 880 1648 963 Mercurius
1670 899 1704 967 in
1727 897 1823 969 Indi·

287 1008 333 1059 ce
352 980 550 1055 adscenderit
571 976 614 1047 ad
634 972 836 1049 altitudinem
862 994 921 1047 aa.
945 973 1103 1065 pollicum
1123 1022 1136 1059 ,
1167 973 1315 1069 aprell'u
1341 976 1437 1047 Aetia
1463 980 1824 1067 vehementervintror-

287 1083 365 1171 ,fum
386 1083 421 1153 in
444 1074 629 1168 cylindrum
674 1071 754 1146 aella
773 1071 837 1145 fuit
858 1070 988 1159 velita,
1018 1092 1149 1143 curvam
1175 1074 1348 1163 acquirens
1373 1073 1602 1168 supersidam,
1634 1082 1825 1186 &ingenti

288 1200 371 1249 cum
398 1178 527 1267 crepitu
554 1168 618 1245 fuit
694 1171 775 1257 ila,
804 1168 996 1261 adeoquea
1028 1168 1176 1261 pondere
1205 1166 1241 1239 lb
1274 1191 1359 1243 aot.
1394 1167 1484 1245 Une.
1513 1196 1570 1249 to.
1595 1181 1756 1256 Drachm.
1781 1214 1823 1279 4.

292 1274 373 1348 Pars
396 1292 491 1366 aeque
514 1266 614 1341 cntra
640 1268 787 1363 ejusdem
817 1266 930 1341 velicae
958 1270 1046 1337 circa
1074 1264 1254 1355 cylindrum
1282 1266 1430 1339 diametri
1455 1291 1476 1363 3
1510 1274 1581 1365 pol.
1609 1278 1706 1376 ligata
1736 1282 1822 1371 fuit,

295 1392 372 1464 quae
397 1391 466 1443 non
490 1366 595 1465 frangi
610 1368 728 1459 ¹potuit
749 1387 770 1438 a
792 1362 900 1457 prelfu
920 1364 1035 1451 Airita,
1058 1363 1137 1435 licet
1161 1360 1348 1435 Mercurius
1372 1367 1408 1434 in
1421 1364 1547 1443 indice
1571 1372 1690 1448 steterit
1713 1379 1755 1451 ad
1775 1382 1824 1451 al·

286 1468 469 1541 titudinem
494 1464 553 1537 all.
576 1464 647 1559 pol.
674 1484 708 1557 3.
724 1462 789 1535 lin.
806 1462 1019 1554 premebatur
1040 1462 1129 1533 enim
1152 1480 1228 1533 tum·
1245 1460 1355 1535 modo
1382 1482 1402 1532 a
1427 1466 1582 1556 pondere
1606 1482 1640 1555 lb
1671 1495 1751 1569 ¹⁰4·
1772 1478 1823 1550 dn.

299 1586 331 1639 ι.
356 1587 407 1661 gr.
436 1583 491 1657 17,

343 1752 377 1853 y.
401 1752 624 1829 MCCXVII.
647 1748 708 1824 Est
728 1752 875 1825 doilrina
899 1750 1117 1824 Cohaerentiae
1142 1750 1177 1825 dt
1210 1752 1385 1829 Finnitatis
1411 1760 1628 1852 amplissima,
1662 1772 1823 1858 quoniam

286 1853 474 1927 admodum
504 1850 761 1943 discrepantibus
793 1852 902 1921 modis
934 1867 1074 1939 corpora
1100 1852 1274 1921 examinari
1306 1853 1463 1943 polluntt
1499 1879 1552 1929 ιο.
1584 1858 1674 1931 Nam
1699 1867 1824 1936 inmitti

289 1950 426 2043 possunt
457 1970 526 2023 uno
552 1968 699 2021 aauetno
726 1946 877 2019 foramini
907 1962 1055 2017 accurate
1078 1946 1315 2033 convenienti,
1348 1946 1385 2021 dt
1417 1948 1481 2021 effe
1503 1956 1537 2024 in
1560 1954 1621 2023 satu
1652 1956 1694 2025 ad
1716 1957 1824 2030 folum

293 2047 470 2139 parallelo,
496 2047 576 2117 dum
596 2044 687 2115 alteri
714 2042 847 2115 exstanti
870 2063 1017 2115 extremo
1040 2041 1214 2143 alligantur
1230 2044 1380 2137 pondera
1402 2051 1606 2143 rumpentia,
1631 2052 1730 2124 veluti
1746 2076 1828 2127 mo·

292 2144 339 2213 do
357 2162 432 2214 ante
457 2144 604 2215 vidimus.

342 2276 395 2341 2⁰.
420 2264 485 2338 Vel
511 2263 643 2359 poll'unt
669 2288 810 2358 corpora
833 2268 982 2363 oblonga
996 2267 1038 2337 :in
1063 2268 1175 2341 medio
1201 2271 1334 2363 imponi
1353 2271 1491 2363 fulcro,
1524 2277 1652 2368 utrique
1675 2297 1824 2352 extremo

290 2366 422 2459 paribus
442 2363 593 2456 appenlls
614 2364 837 2453 ponderibus,
860 2366 975 2433 donee,
992 2365 1027 2427 in
1050 2364 1401 2465 medloirangantur„

336 2499 395 2583 3⁰.
419 2487 555 2561 Polfunt
575 2509 715 2579 corpora
743 2508 884 2580 utroque
911 2504 1058 2557 extremo
1081 2484 1208 2575 fulciri,
1229 2484 1270 2561 dt
1292 2510 1333 2593 ert
1358 2492 1457 2565 fibula
1485 2497 1524 2583 ‚in
1554 2504 1664 2575 medio
1696 2506 1824 2600 suspen·

285 2580 327 2658 'ni
351 2586 511 2675 pondus,
544 2584 635 2673 quod
660 2584 810 2656 deorsum
837 2604 1014 2673 premens,
1045 2582 1266 2671 pandat,·'iit
1290 2589 1401 2659 medio
1422 2612 1566 2683 corpora
1584 2599 1730 2697 fratagit:
1763 2610 1824 2677 hu·

282 2681 433 2755 fnsmodi
458 2680 636 2749 tentamina
663 2682 699 2751 in
727 2682 900 2769 quercibus
924 2679 1086 2769 plurima,
1129 2675 1165 2750 dc
1194 2679 1348 2755 laudabili
1372 2688 1532 2760 industria
1561 2696 1696 2769 instituit
1728 2700 1824 2775 Nob.

287 2705 434 2861 diuffon,
460 2776 592 2863 capiens
615 2794 657 2843 ex
680 2776 849 2845 arboribus
873 2774 1002 2845 diverfis
1026 2793 1132 2862 partes
1156 2774 1298 2867 stipitum
1323 2784 1450 2867 varias,
1476 2786 1621 2866 ,diversae
1645 2793 1827 2894 longitudi-

291 2874 342 2943 nis
367 2867 403 2943 &
429 2868 593 2953 crallitiei,
625 2890 766 2960 quorum
796 2888 931 2940 eventus
963 2872 998 2940 in
1022 2868 1145 2960 septem
1169 2870 1304 2945 Tabulis
1328 2879 1520 2969 complexus
1544 2884 1617 2974 eil,
1643 2912 1717 2979 quae
1741 2917 1827 2969 con·

291 2968 351 3049 iuli
376 2964 554 3062 poliunt(
591 2966 627 3061 ).

344 3124 381 3192 4.
406 3096 559 3191 Corpora
577 3094 716 3190 ,pofunt
739 3114 880 3187 natoque
902 3110 1049 3167 ernemo
1075 3096 1335 3191 coagmentibua
1365 3098 1522 3177 concludi
1547 3104 1766 3185 foraminibus
1791 3121 1827 3190 in

285 3197 377 3275 ,duta
409 3196 571 3281 materie,
602 3189 785 3268 &marlia
815 3190 1010 3289 longitudini
1041 3192 1184 3284 appendi
1215 3195 1380 3287 pondus,
1411 3198 1505 3287 quod
1521 3196 1712 3297 ‚pandando
1735 3210 1825 3288 naa-

291 3312 382 3459 ξομ.
398 3312 467 3359 tum
492 3290 591 3360 docet
613 3310 748 3401 eventus
772 3310 924 3402 corpora·
937 3307 1011 3453 raltlo
1034 3288 1075 3375 in,
1092 3310 1161 3361 uno
1184 3290 1253 3456 fmsn
1278 3294 1288 3361 i
1315 3292 1420 3410 loco,
1457 3294 1521 3369 five
1546 3302 1581 3371 in
1606 3304 1742 3417 medio,
1767 3332 1823 3423 ve·

287 3406 408 3556 ill
421 3382 750 3575 iiiiii&
769 3402 1204 3572 filiafamilias
1227 3478 1264 3555 a
1287 3387 1684 3578 {iliadum}
1701 3406 1821 3575 4⁰¹in

287 3576 387 3651 ualde
415 3572 524 3647 differt
545 3576 707 3667 pondus,
729 3579 821 3669 quod
847 3574 976 3673 franget
1000 3576 1073 3650 hac
1097 3598 1256 3673 corporat
1280 3582 1473 3676 plerumque
1505 3590 1552 3661 eli
1582 3590 1686 3685 duplo
1718 3598 1821 3690 majus

281 3695 393 3767 qnam
418 3675 453 3745 in
477 3670 552 3761 casu
577 3693 637 3767 3⁰.¹
658 3674 837 3767 aliquando
862 3672 909 3743 est
944 3674 1042 3763 triplo
1074 3675 1205 3763 suajus,
1238 3679 1328 3750 adeo
1351 3700 1388 3752 ut
1413 3683 1435 3753 li
1460 3685 1585 3781 lignum
1606 3690 1736 3765 duobus
1760 3695 1824 3767 ful·

281 3764 358 3851 [ctis
389 3770 546 3861 duntaxat
577 3772 763 3871 impolitum
794 3768 971 3839 secundum
1003 3768 1140 3839 niodum
1169 3774 1410 3861 precedentem
1445 3780 1510 3851 N0.
1539 3804 1573 3873 3.
1596 3786 1761 3885 frangatur
1784 3796 1820 3867 in

183 3918 201 3953 ,.
219 3916 245 3931 -·
283 3864 405 3949 ,medio
422 3888 443 3939 a
459 3876 494 3953 nt
513 3888 571 3960 30.
596 3866 772 3961 appanis,
794 3884 882 3937 nunc
899 3862 1031 3935 duobus
1046 3862 1204 3937 inclusum
1223 3864 1457 3958 foraminibus,
1475 3877 1547 3947 ive
1566 3884 1600 3947 in
1625 3905 1711 3969 uno,
1734 3887 1824 3959 duo-

134 3958 204 4069 ⁸-9'3'3
284 3968 354 4045 ,bus
376 3962 430 4041 rel
454 3965 556 4037 tribus
580 3963 664 4033 locis
681 3962 873 4059 frangatur,
900 3977 1030 4031 tanturn
1060 3954 1179 4031 id'faat
1206 3959 1286 4033 ab
1317 3982 1392 4057 70,
1416 3971 1470 4041 vel
1496 3974 1561 4060 80,
1585 3976 1638 4047 vel
1662 4000 1723 4069 9⁰·
1744 4006 1820 4060 non

214 4093 233 4149 κ,
285 4066 313 4139 ,Ι
336 4049 511 4153 pluribus,
540 4056 759 4133 inconstantes
786 4056 841 4129 bic
867 4054 939 4127 sunt
970 4054 1128 4128 avennis:
1154 4076 1356 4133 nontamen
1385 4066 1434 4137 vis
1464 4090 1618 4164 rumpens
1649 4074 1719 4149 fere
1748 4082 1823 4155 inli-

280 4162 360 4243 ‚nita
391 4158 567 4252 requiritur
598 4152 775 4231 sonnium
807 4150 1044 4229 nonaudotum
1069 4154 1293 4247 opinionem,
1331 4162 1388 4253 qui
1420 4171 1641 4261 experimenta
1669 4196 1741 4251 non
1771 4178 1820 4253 fe.

280 4274 417 4337 cerunt.
950 4312 953 4317 -
1799 4316 1803 4321 -

1648 4411 1705 4497 5⁰.
1726 4404 1819 4481 'Taa-

357 4582 422 4667 (ι)
440 4543 553 4654 muln.
580 4583 617 4647 de
636 4548 753 4650 l’dcad.
771 4546 853 4665 Ray.
872 4562 927 4652 Δό.
942 4536 1044 4663 ³arta.
1621 4539 1624 4545 Ι
