4282 5962
295 304 380 413 rod
477 286 571 385 DE
611 276 1085 437 COHAERliNTIA
1123 304 1190 375 uu
1226 272 1622 381 FlRMlTATE.

298 518 391 573 nrorc
421 494 589 579 utiliores,
613 492 721 565 lnvldli
752 488 846 580 nquit
879 487 1026 577 motique
1049 482 1114 557 elie
1139 482 1331 559 dicebantur
1354 486 1435 582 (a)
1463 490 1538 563 Indi
1561 488 1713 563 hodierni
1735 488 1837 566 funes

298 590 534 689 probotiiitmos
557 586 693 677 cmllos,
717 588 764 659 uti
788 585 1001 657 anchorarios
1029 581 1204 673 aliosque,
1230 604 1271 653 ex
1289 582 1434 675 'iibrillis,
1458 610 1536 680 quae
1560 586 1694 660 Nucem
1718 588 1841 662 Cocon

299 694 467 777 ambiunt,
491 686 680 761 conficiunt.
730 686 813 757 Sunt
835 702 971 774 quoque
1000 678 1090 751 fibrae
1123 678 1280 753 foliorum
1305 684 1339 754 in
1363 684 1454 758 Aloe
1478 688 1681 760 Americena
1705 686 1840 761 validis·

300 790 415 875 fimae,
439 784 657 879 pendulorum
681 784 790 857 ullbus
814 800 911 873 uptae.
1084 780 1090 791 '

269 1004 272 1009 ,
347 924 380 1025 d.
405 920 582 1021 MCXVl.
607 918 733 993 Verum
756 925 842 993 circa
862 917 957 992 funes
978 917 1167 1015 hujusmodi
1192 918 1343 1012 quedam
1364 920 1426 993 alia
1455 922 1526 996 sunt
1553 924 1729 1011 notanda,
1762 930 1841 1021 quie

300 1048 371 1099 non
393 1024 464 1095 sunt
488 1042 614 1093 tentum
641 1018 787 1092 fasciculi
809 1018 1035 1091 funiculorum
1062 1017 1153 1111 juxte
1181 1016 1213 1089 se
1235 1016 1473 1109 politorum&
1497 1022 1754 1115 parallelorum,
1786 1025 1844 1097 sed

299 1127 614 1205 circumtortomm3
646 1120 797 1210 adeoque
828 1114 960 1189 febricae
984 1116 1068 1187 liunt
1091 1114 1243 1200 diversum
1270 1134 1372 1207 etque
1403 1118 1545 1191 tornone
1579 1118 1641 1192 hnc
1666 1120 1842 1195 ualidiores

304 1243 406 1313 quam
430 1223 466 1289 in
489 1218 619 1289 ratione
642 1216 848 1288 cmffitierum
880 1216 1047 1287 evadunt:
1080 1212 1146 1287 boc
1180 1212 1223 1283 ob
1253 1218 1454 1303 experientia
1485 1216 1713 1289 demonlbrvit
1742 1216 1843 1291 Nob.

299 1320 365 1393 Du
389 1315 530 1401 llamel,
555 1317 589 1387 in'
612 1312 719 1387 L’Art
742 1314 786 1386 dc
807 1314 838 1385 lo
859 1311 1026 1385 Corderie
1050 1310 1159 1405 Cbnp.
1189 1330 1245 1405 ¹3·
1295 1308 1388 1383 Cum
1413 1316 1503 1386 enim
1524 1314 1636 1387 funem
1659 1336 1701 1387 ex
1721 1316 1755 1388 6.
1771 1314 1842 1389 iilis

299 1416 459 1499 duxerat,
482 1412 544 1483 luit
569 1412 639 1506 ejus
663 1412 798 1485 innitar
820 1408 856 1481 lb
881 1412 964 1501 631.

349 1512 458 1586 urnis
484 1530 531 1581 ex·
551 1532 587 1602 9.
613 1510 729 1581 iisdem
751 1508 815 1579 filis
839 1507 1009 1580 confedbrs
1030 1506 1175 1579 sustinuit
1197 1501 1232 1574 lb
1263 1527 1368 1599 1014.
1399 1528 1470 1580 non
1494 1530 1575 1583 vero
1599 1511 1699 1607 946,
1724 1512 1777 1584 uti
1800 1528 1844 1583 cx

298 1614 427 1685 ratione
452 1629 663 1680 numerorum
689 1608 886 1697 sequeretur.
1095 1692 1103 1701 ⁴

309 1736 312 1743 ·
350 1708 450 1777 Funis
481 1726 524 1775 ex
561 1726 616 1775 ro.
656 1704 720 1773 iilis
749 1702 866 1773 iisdem
898 1698 1096 1777 iubenum
1127 1700 1240 1775 hebuit
1269 1702 1453 1774 firmitatem
1486 1700 1522 1773 lb
1569 1708 1684 1799 1564,
1711 1704 1747 1780 dt
1774 1727 1847 1780 non

304 1804 412 1877 1262.

347 1902 452 1999 Funis
473 1910 519 1969 ex
547 1898 603 1971 ru.
627 1898 744 1971 iisdem
770 1896 914 1969 sustinuit
937 1906 973 1979 ib
994 1896 1101 1988 2148.
1127 1894 1164 1969 dt
1185 1918 1255 1969 non
1284 1898 1398 1993 1893,
1425 1920 1467 1968 ex
1491 1899 1618 1969 ratione
1643 1898 1790 1970 filorum.

351 1998 451 2071 Adeo
473 2015 510 2067 ut
534 1996 652 2083 funes,
677 2018 718 2069 ex
744 1995 806 2067 filis
837 1995 1042 2087 complicatis
1073 1993 1179 2081 fatti,
1211 1994 1388 2069 reddentur
1418 1992 1579 2065 firmiores
1613 1996 1850 2085 aliquantum,

299 2096 395 2189 quod
417 2096 565 2188 pluribus
588 2096 820 2187 experimentis
847 2093 917 2165 eliis
943 2094 1172 2184 comprobavit
1195 2088 1255 2163 Du
1282 2088 1404 2166 Hnmel
1424 2092 1559 2163 ibidem.
1607 2088 1749 2163 Videtur
1775 2092 1847 2163 hoc

198 2274 202 2283 ¹
300 2194 390 2277 lieri,
417 2194 495 2284 quit
517 2190 627 2265 nullus
650 2190 815 2265 funiculus
846 2190 893 2263 eli
921 2192 956 2262 in
982 2208 1053 2261 tote
1076 2188 1283 2287 longitudine
1306 2212 1403 2285 aeque
1426 2188 1581 2272 validus,
1614 2186 1670 2259 sed
1702 2187 1758 2259 bic
1782 2190 1847 2261 im·

299 2288 473 2371 becillior,
497 2288 576 2361 niibi
597 2290 751 2361 validior:
779 2286 913 2381 quando
933 2286 1001 2379 jam
1027 2286 1139 2379 plures
1163 2284 1307 2357 funiculi·
1324 2286 1417 2361 simul
1442 2306 1658 2377 torquentur,
1681 2304 1737 2355 aut
1751 2306 1846 2357 com·

300 2388 486 2481 plicantur,
511 2386 587 2457 locu
611 2382 788 2453 imbecillir
810 2386 908 2452 unlus
931 2400 1112 2455 occurrunt
1128 2380 1219 2453 locis
1240 2380 1380 2456 fortibus
1407 2382 1538 2455 ulterius
1561 2380 1722 2467 funiculi,
1745 2398 1847 2474 atque

301 2484 560 2575 cotuplicetione
580 2480 841 2566 conuertuntur,
864 2498 903 2549 ut
925 2480 1026 2549 umbo
1050 2478 1182 2575 plegem
1205 2480 1252 2551 ibi
1278 2478 1457 2555 firmiorem
1473 2532 1485 2569 ,
1501 2482 1570 2551 imo
1595 2480 1768 2573 plusquam
1785 2481 1846 2551 du·-

191 2604 196 2611 ·
303 2582 365 2673 plo
391 2582 570 2651 firmiorem
594 2574 737 2659 faciant,
762 2596 862 2667 quem
889 2573 1031 2645 seorsum
1055 2574 1213 2647 fecill'ent.

355 2674 481 2742 Verum
500 2672 547 2739 est
562 2674 705 2743 torsione
722 2666 759 2741 dt
772 2670 973 2761 complicttu
991 2684 1061 2739 non
1071 2674 1188 2765 nugeri
1205 2668 1415 2757 firmitatem,
1440 2674 1498 2743 nifl
1512 2676 1604 2763 quod
1619 2676 1663 2747 src
1675 2675 1780 2772 plage
1797 2676 1848 2747 in·

301 2769 463 2841 firmiores
480 2768 577 2835 unius
593 2766 730 2837 funiculi
742 2764 918 2861 jungentur
929 2762 1121 2835 fortioribus
1133 2766 1282 2835 ulterius:
1301 2768 1389 2837 idem
1405 2767 1474 2836 ficri
1490 2770 1646 2857 potuiilet
1661 2775 1857 2863 aliquomo·

302 2866 374 2947 do,
399 2858 609 2931 filusciculus
626 2860 753 2931 sunium
776 2858 1005 2949 parallelorum
1022 2862 1270 2929 circumvinitut
1295 2882 1370 2931 unte
1389 2860 1544 2932 fuilletab
1559 2864 1624 2934 alio
1638 2868 1788 2940 funiculo
1812 2872 1851 2942 in

304 2958 501 3045 rotundum,
527 2960 595 3027 imo
621 2976 690 3026 tum
714 2952 801 3025 funis
825 2956 972 3024 omnium
988 2954 1192 3024 validiilrmus
1214 2952 1391 3027 'eunicebus
1413 2953 1542 3042 fiuiilet3
1569 2957 1623 3026 sed
1643 2964 1719 3050 quin
1735 2963 1854 3056 torosa

304 3056 399 3133 modi
413 3054 614 3129 innituerilr
627 3050 846 3125 incommodis
869 3068 1088 3143 premeretur,
1114 3050 1242 3141 praestn't
1266 3048 1321 3123 iilo
1344 3072 1499 3143 torquere
1519 3055 1556 3123 in
1581 3056 1784 3146 rotundum,
1811 3060 1853 3133 ὃς

303 3156 422 3233 funem
445 3154 611 3229 conficere
634 3172 676 3225 ex
699 3148 761 3223 iilis
784 3150 819 3221 in
842 3146 981 3223 formem
1003 3144 1118 3219 helicis
1139 3148 1280 3239 plicatio.
1375 3176 1379 3185 ·
1421 3198 1424 3203 -

359 3288 391 3383 d.
417 3282 609 3356 MCXVll.
634 3280 745 3351 Funes
767 3280 901 3371 quidem
920 3282 993 3355 sunt
1022 3284 1225 3373 torquendi,
1256 3282 1312 3357 sed
1335 3306 1404 3377 quo
1426 3284 1534 3359 lenius
1563 3284 1734 3380 laxiusque
1755 3310 1852 3361 cnm·

309 3384 474 3479 plicentur
491 3398 547 3447 eut
569 3396 805 3467 torqueantur,
830 3398 873 3449 eo
896 3378 970 3451 sunt
992 3378 1198 3453 meliores&
1223 3380 1418 3453 validiorcsr
1444 3386 1493 3454 uti
1510 3382 1730 3456 Renumurius
1750 3402 1852 3479 expe·

311 3479 427 3553 rientin
447 3472 591 3559 detexit,
617 3470 654 3544 dt
678 3474 772 3567 quod
786 3474 1116 3549 demonstrationibus
1134 3480 1278 3570 repetitis
1301 3482 1439 3569 probavi
1463 3481 1570 3575 (l),
1595 3483 1728 3573 quando
1751 3484 1850 3555 rebe·

311 3592 440 3647 mentcr
462 3588 678 3663 torquentur,
703 3570 776 3643 sunt
802 3572 1004 3645 imbecilles:
1038 3568 1120 3669 Quo
1143 3574 1217 3667 plus
1247 3594 1462 3669 torquentur,
1487 3600 1531 3649 co
1556 3579 1638 3651 fiunt
1662 3582 1850 3675 breviores,

314 3706 421 3799 inient
443 3718 580 3827 reliinrii3
598 3719 695 3793 funes
716 3718 811 3793 valde
836 3738 1007 3813 torquere,
1032 3736 1069 3791 ut
1094 3690 1159 3854 -Ξ-
1183 3726 1399 3815 penetotius
1425 3726 1640 3825 longitudinis
1662 3730 1852 3805 abbrevietu-

317 3894 386 3960 rur,
410 3892 479 3945 tum
500 3869 573 3942 sunt
588 3868 686 3959 duri,
710 3868 832 3943 laevore
851 3872 934 3965 grati
954 3864 1110 3963 nipecbu,
1135 3868 1191 3941 sed
1214 3870 1320 3943 multo
1345 3872 1416 3945 sunt
1438 3873 1683 3961 imbecilliores,
1711 3878 1851 3967 quami

319 4040 446 4097 tuntum
470 4018 512 4091 ad
536 3982 620 4137 {a
645 4016 697 4089 vel
721 3980 787 4131 -ζ-
810 4014 1023 4109 longitudinis
1049 4016 1114 4091 suae
1143 4017 1320 4092 abbreviati
1352 4020 1503 4097 suilientr
1536 4021 1626 4099 Nem
1661 4026 1780 4119 uliquis
1804 4026 1853 4099 fu·

1784 4204 1852 4293 nis,

362 4402 422 4481 (o)
442 4407 554 4468 Plinius
571 4388 650 4469 urst.
668 4404 741 4469 lint.
762 4406 831 4469 Lib.
856 4416 902 4471 tn.
926 4411 988 4489 cap
1016 4424 1054 4487 37
1077 4411 1108 4475 dt
1136 4412 1202 4475 Lib.
1227 4362 1265 4486 ro
1295 4412 1366 4491 erp.
1385 4430 1436 4477 ur.

365 4490 423 4569 (b)
442 4485 614 4643 &21:321oe
646 4484 683 4546 dc
712 4482 826 4550 l'ilctd.
855 4488 935 4569 Rop.
960 4492 1013 4555 Aa.
1043 4508 1129 4589 1211.
1158 4510 1225 4573 ptg.
1256 4508 1324 4567 tos.
1348 4492 1376 4554 dt
1400 4510 1428 4571 p.
1447 4482 1607 4563 introdudu
1637 4496 1669 4561 in
1688 4486 1855 4561 canerent.
