4282 5962
604 204 1415 346 maonnntcn
1717 254 1789 365 ψ

263 452 350 528 inl*
370 447 409 524 dt
436 448 473 525 G
497 440 667 536 mobiles,
691 442 809 524 adnexi
834 452 904 524 sunt
927 455 1011 522 veen
1034 452 1125 539 AA,
1149 450 1241 544 'cujus
1265 446 1409 526 extrema
1434 456 1603 544 capiuntur
1634 455 1676 524 ab
1709 441 1801 547 ope?

261 554 353 624 ratiis
364 554 456 643 ,qui
470 551 648 623 alternam
658 564 840 622 extremum
865 549 1088 635 detrahendo,
1111 549 1245 621 alterurn
1271 570 1451 621 extremum
1475 553 1574 622 vedis
1597 553 1670 623 An
1693 551 1790 621 attol-

267 649 369 734 lunt,
393 669 467 741 pars
488 650 585 719 vestis
610 647 732 720 elevata
755 649 840 719 tollit
860 645 1021 738 ¹forcipem
1044 648 1086 718 ab
1111 647 1229 719 eodem
1255 646 1383 733 latere,
1411 667 1509 738 atque
1534 650 1577 717 ita
1601 649 1791 742 circumagit

266 766 373 818 rotam
395 743 493 829 Ei),
523 736 609 816 durn'
623 747 750 816 interim
773 746 855 815 alter
875 743 1007 835 forceps
1031 743 1195 836 depressus
1219 745 1301 816 alios
1324 744 1503 842 ingreditur
1535 744 1678 828 dentes,
1705 766 1792 833 quos

266 848 302 915 in
326 845 475 935 sequenti.
486 842 669 913 elevatione
695 842 840 914 attollet:
865 839 924 911 Est
942 843 1029 913 ratio
1049 844 1207 933 potentiae
1230 843 1410 938 composita
1424 863 1464 913 ex
1480 842 1659 912 rationibus
1673 841 1792 910 distan-

268 945 322 1012 tias
341 960 360 1021 a
381 958 497 1011 centro
520 960 631 1011 motus
653 939 703 1019 C,
738 934 774 1009 ἃ
797 941 955 1013 dimnetro
978 960 1078 1010 axeos
1103 937 1197 1011 DD.
1248 938 1306 1010 Est
1329 943 1411 1011 ratio
1433 938 1588 1032 ponderis
1612 937 1793 1031 compofita

267 1037 528 1131 exlongltudine
548 1039 652 1108 vedis
671 1036 750 1106 -CA
776 1033 820 1109 &·
831 1036 992 1107 diametro
1018 1035 1091 1108 EE
1117 1059 1197 1108 rotae
1221 1037 1360 1129 majoris

275 1131 460 1229 ··Quando
485 1133 618 1224 pondus
639 1132 666 1204 P
686 1133 733 1205 est
751 1135 911 1204 elevatum
932 1136 966 1205 in
991 1134 1126 1219 altum,
1152 1132 1189 1204 ἃ
1213 1134 1331 1205 deinde
1356 1134 1530 1204 laxandum
1555 1133 1630 1220 est,
1655 1134 1794 1225 sequens

244 1234 440 1324 apparatus
458 1230 650 1302 adhibetura
674 1230 732 1302 Est
754 1226 834 1301 ML
854 1234 955 1302 vedis
977 1232 1109 1302 mobilis
1133 1234 1219 1302 circa
1241 1230 1284 1300 V.
1310 1250 1457 1301 extremo
1483 1230 1514 1302 L
1539 1231 1664 1301 adnexa
1678 1232 1724 1302 est
1740 1254 1795 1303 ca·

270 1350 344 1401 terra
380 1326 481 1415 LN,
518 1349 657 1420 quacum
689 1327 880 1420 conjunctus
910 1328 957 1398 est
984 1327 1116 1400 trochus
1139 1350 1180 1400 ex
1202 1328 1294 1399 molli
1319 1328 1412 1423 ligno
1436 1325 1623 1423 NQRS,
1656 1329 1797 1400 articulis

270 1428 317 1513 S,
341 1424 401 1509 R,
427 1423 485 1520 Q,
509 1422 546 1496 N
568 1424 747 1497 drlanndus
770 1421 805 1517 dt
832 1425 1061 1509 claudendus,
1087 1426 1140 1497 hic
1162 1426 1265 1497 ambit
1289 1425 1471 1515 cylindrum
1496 1426 1664 1521 ligneum,
1685 1448 1704 1495 a
1728 1446 1798 1516 quo

271 1544 388 1617 parum
417 1523 538 1608 distat,
568 1543 605 1594 ut
625 1521 687 1593 levi
718 1520 898 1594 sublatione
919 1522 1100 1612 cylindrum
1125 1542 1260 1618 tangat,
1294 1518 1330 1592 &
1361 1525 1470 1593 attritu
1493 1522 1676 1593 machinam
1703 1522 1799 1593 insre·

272 1620 353 1707 rr'et,
378 1641 452 1711 quae
472 1642 492 1691 a
514 1619 729 1693 descendente
747 1621 907 1712 pondere
931 1622 1202 1692 circumvertitur:
1229 1619 1278 1690 Ut
1301 1639 1409 1690 autem
1434 1617 1577 1710 forcipes
1601 1616 1693 1705 rH,
1719 1618 1799 1692 GK

272 1718 438 1790 eleventur
459 1740 499 1789 ex
522 1717 704 1802 dentibus,
734 1721 817 1790 velli
850 1717 932 1790 ML
956 1718 997 1788 ad
1024 1717 1039 1787 1
1064 1717 1152 1789 ssilus
1186 1715 1379 1789 transversus
1412 1716 1458 1785 est
1482 1715 1629 1802 infixus,
1660 1720 1717 1808 qui
1742 1717 1800 1787 de·

270 1813 379 1908 predo
401 1817 493 1888 vesle
515 1814 552 1886 in
575 1812 641 1900 M,
665 1814 772 1888 elevat
796 1838 918 1888 uncum
940 1814 1016 1887 ΚΟ
1037 1836 1079 1887 ex
1103 1815 1222 1899 dente,
1248 1810 1284 1884 δι
1309 1813 1442 1885 ulterius
1467 1813 1592 1885 sublato
1618 1817 1723 1905 capite
1744 1813 1798 1899 Ο,

271 1911 375 1985 elevat
396 1910 557 2004 forcipem
579 1910 678 1995 Fri.
711 1933 797 1985 eum.
810 1916 944 2006 capiens
968 1916 1002 1985 in
1028 1911 1083 2001 P,
1117 1915 1161 1984 ita
1184 1912 1366 2003 forcipibus
1390 1932 1431 1981 ex
1456 1911 1608 1984 dentibus
1633 1913 1801 1995 estradis,

269 2031 307 2178 {g
313 2011 461 2123 pondere
492 2009 518 2080 P
548 2011 723 2178 revolffitur
731 2011 928 2205 lichllshsa’
955 2011 1023 2179 sse}
1046 2033 1120 2104 quae
1145 2009 1259 2081 sistitur
1283 2010 1375 2082 vesle
1399 2007 1445 2081 M
1471 2009 1605 2081 ulterius
1630 2006 1779 2100 depresso
1788 2036 1807 2094 ,¹

330 2127 533 2198 appnmente
558 2126 629 2179 troc
654 2129 709 2179 um
914 2131 955 2200 cv
968 2130 1001 2179 m
1026 2130 1075 2179 ru.

314 2212 347 2312 s.
372 2213 471 2288 DlV.
495 2215 753 2310 Coniunguntur
772 2220 872 2288 etiarn
892 2217 961 2286 duo
985 2217 1081 2307 plana
1103 2217 1256 2291 inclinata
1280 2219 1379 2304 AB,
1402 2219 1486 2291 BC.
1511 2223 1630 2311 quibus
1656 2221 1717 2292 fint
1741 2223 1800 2292 im·
1813 2225 1888 2289 Τὼ.
1897 2220 1953 2288 lx.

268 2314 373 2406 polita
399 2312 548 2400 pondera
570 2311 618 2390 P,
643 2310 700 2403 Q,
726 2315 810 2381 inter
834 2312 865 2380 se
886 2315 921 2381 in
942 2314 1153 2399 aequilibrio,
1179 2336 1273 2384 erunt
1290 2315 1362 2384 baec
1387 2316 1534 2403 pondera
1558 2317 1584 2385 P
1610 2314 1646 2385 dr
1672 2315 1730 2409 Q,
1756 2321 1913 2401 utilius·
1950 2352 1958 2371 κ

270 2405 496 2502 longitudines
517 2403 690 2493 planorum
715 2404 806 2486 AB,
823 2404 860 2474 Β
868 2405 913 2474 C.
962 2405 1072 2475 Funes
1096 2404 1187 2492 ΡΙ),
1213 2405 1294 2502 QD
1321 2429 1483 2479 transeant
1507 2409 1600 2498 super
1625 2413 1806 2483 trochleam

272 2502 344 2589 D,
376 2502 504 2591 fineque
527 2497 670 2589 paralleli
691 2498 796 2588 planis
818 2499 920 2583 AB,
959 2501 1042 2573 BC.
1091 2501 1309 2593 Concipiatur
1332 2507 1474 2595 primum
1498 2526 1596 2599 grave
1621 2505 1646 2576 P
1672 2506 1736 2576 elle
1770 2511 1813 2581 in·

273 2598 459 2690 aequilibrio
489 2617 565 2666 cum
600 2598 688 2688 gravi
719 2595 766 2680 S,
799 2597 965 2684 pendente
998 2598 1309 2687 perpendiculariter
1331 2597 1373 2668 ad
1398 2598 1501 2669 solum
1526 2602 1560 2671 in
1584 2606 1672 2673 resia
1696 2600 1806 2676 DBI.

274 2716 350 2769 tum·
369 2696 405 2764 io
435 2692 516 2762 statu
540 2689 711 2781 aequilibrii
737 2693 798 2761 erit
825 2690 862 2765 P.
886 2692 962 2762 διε
984 2692 1062 2763 ΑΒ.
1087 2692 1150 2764 BL
1177 2698 1247 2784 pari
1271 2699 1369 2786 pado
1393 2694 1432 2766 lit
1456 2691 1492 2792 Q
1515 2716 1591 2769 cum
1608 2699 1630 2773 S
1646 2701 1680 2771 in
1705 2703 1808 2793 aequi·

269 2791 383 2878 librio,
410 2792 470 2861 erit
499 2784 547 2885 Q.
571 2786 649 2859 St:
672 2785 753 2857 BC.
776 2785 842 2859 BL
892 2787 984 2861 Hinc
1011 2787 1049 2860 P.
1074 2789 1243 2861 S::AB.
1268 2792 1332 2863 lll.
1804 2784 1810 2793 ’

293 2998 299 3013 Ι
517 2950 521 2957 ·
653 2920 657 2931 ’
831 2988 842 3008 ι
1006 2901 1352 3004 διρῗῖΒΙιΒςο

356 3046 359 3053 ·
417 3022 556 3094 ldeoP.
582 3019 769 3119 Qaznu.
793 3020 875 3096 BC.

295 3226 298 3231 ι
321 3132 427 3233 Quod
452 3132 474 3202 li
500 3130 596 3224 plana
618 3131 770 3204 inclinata
794 3131 884 3219 AB,
906 3129 980 3207 BC
1006 3132 1067 3205 lint
1085 3132 1196 3226 janda
1217 3137 1251 3207 in
1274 3133 1331 3221 B,
1357 3130 1547 3228 &pondus
1571 3138 1712 3239 P:Q,
1737 3159 1808 3217 mm
1938 3134 1945 3147 “

272 3226 421 3328 potentia
444 3250 513 3302 non
532 3231 593 3300 erit
613 3230 762 3320 aqualis,
787 3252 862 3322 quae
886 3229 958 3301 hac
981 3252 1081 3302 onera
1101 3231 1252 3304 sustinere
1276 3232 1374 3324 polin·
1394 3235 1427 3305 in
1445 3256 1584 3328 utroque
1601 3239 1723 3330 plano,
1750 3240 1809 3315 sed

274 3330 377 3424 major
402 3328 439 3400 lit
463 3324 590 3398 neccsse
611 3325 687 3412 est,
720 3327 969 3417 quesustineat
997 3351 1081 3400 onus
1105 3331 1138 3400 in
1164 3329 1265 3423 plano
1298 3329 1368 3405 BC
1399 3335 1502 3430 magis
1533 3336 1677 3423 acclivi,
1708 3358 1815 3429 quarn,
1968 3342 1975 3351 “

276 3448 349 3524 quae
375 3426 410 3497 id
433 3423 599 3497 sustinebit
622 3425 656 3492 in
680 3422 781 3512 plano
807 3423 878 3497 ΑΒ
902 3427 1010 3496 minus
1033 3425 1160 3497 acclivi.
1395 3450 1400 3455 ·

326 3537 358 3636 ς.
383 3535 464 3607 DV.
494 3534 691 3614 Remuscus,
717 3529 778 3598 five
802 3532 890 3602 Pons
906 3533 1030 3628 solidus
1055 3561 1127 3609 cum
1151 3544 1231 3620 Aac¹
1251 3545 1287 3612 in
1305 3545 1529 3635 pnitrochio,
1553 3549 1617 3619 srve
1643 3547 1960 3646 Mevianum

277 3642 366 3713 rium
388 3632 551 3707 Navale:
575 3627 710 3723 Belgice
734 3627 808 3702 Een
830 3630 1023 3703 Onertoom:
1073 3633 1203 3704 Gallice
1226 3639 1320 3709 Pont
1343 3643 1504 3714 Roulant.
1556 3645 1630 3736 (a)
1658 3648 1887 3751 Compoprg,
1902 3689 1935 3746 4,

278 3738 368 3807 nitur
391 3752 432 3801 ex
453 3728 583 3798 duobus
605 3724 710 3815 planis
728 3725 889 3797 inclinatis
908 3728 1129 3819 adjacentibus
1154 3728 1335 3819 BADC,
1371 3737 1406 3805 in
1438 3740 1555 3826 quibus
1576 3741 1684 3832 jacent
1708 3747 1812 3835 cylin-

280 3832 356 3916 dri,
388 3827 444 3919 qui
464 3826 551 3895 circa
573 3822 647 3891 litos
668 3842 745 3893 axes
768 3824 802 3923 in
826 3824 999 3895 rotundum
1021 3847 1189 3898 vertuntur
1212 3832 1248 3901 in
1280 3829 1465 3919 cheloniis,
1495 3852 1531 3905 ut
1561 3841 1651 3910 navis
1680 3841 1718 3912 N
1742 3864 1814 3917 non
1875 3868 1882 3881 ¹
1961 3870 1969 3887 ·

284 3929 378 4017 sopra
395 3923 527 4014 planum
545 3919 757 4003 inclinatum,
782 3918 835 3990 sed
855 3921 949 4011 supra
970 3922 1134 4009 cylindrus
1158 3922 1254 3998 facile
1279 3925 1439 4000 versatiles
1463 3930 1574 4020 trahi,
1599 3938 1723 4026 attolli,
1750 3959 1814 4012 tra·

285 4024 426 4113 ducique
447 4016 567 4110 pollit,
593 4012 628 4086 dt
653 4017 792 4087 minimo
815 4015 996 4109 subjiciatur
1023 4023 1170 4093 attritui:
1202 4023 1298 4114 plana
1321 4025 1394 4099 hec
1419 4027 1572 4102 inclinata
1594 4055 1663 4107 non
1687 4036 1814 4130 semper

194 4130 218 4151 ⁸
284 4122 449 4209 utrimque
475 4108 545 4189 sunt
565 4135 660 4205 aeque
681 4111 833 4199 acedula,
857 4113 1051 4207 plerumque
1071 4139 1173 4189 unum
1194 4121 1346 4194 acclivius
1370 4123 1417 4195 est
1441 4125 1575 4219 altero,
1600 4135 1676 4223 quia
1700 4158 1814 4229 aquae,

285 4222 406 4310 inqua
425 4233 523 4288 naves
548 4209 730 4298 vehuntur,
754 4210 891 4285 altitudo
911 4213 952 4313 ab
974 4233 1110 4308 utraque
1133 4237 1224 4310 parte
1247 4221 1358 4312 pontis
1381 4221 1476 4302 solidi
1501 4224 1621 4309 differt.
1643 4231 1721 4311 bioc
1744 4235 1817 4328 pla.
1952 4237 1960 4250 ’

1330 4336 1338 4351 “
1731 4349 1817 4410 urau

324 4506 386 4594 (ο)
405 4506 526 4575 Belidor
547 4502 703 4591 dtcblttib
726 4505 903 4613 bydrtullq·
922 4509 996 4583 vol.
1015 4512 1068 4600 lv,
1087 4513 1434 4607 le.1V.plancb·4²a
1519 4460 1524 4471 ι

734 4620 740 4629 .
1139 4630 1162 4706 s
1190 4651 1210 4728 3
