4282 5962
475 270 521 399 a·
640 266 691 357 ,τ
780 245 1595 367 enuntiarentur

443 540 446 547 ,
523 462 611 537 Sunt
626 448 708 531 veto
732 454 823 549 leges
839 468 954 521 omnes
972 442 1255 529 constantissimae,
1286 449 1363 539 quia
1384 445 1531 520 voluntas
1551 443 1588 519 dc
1642 446 1824 527 rovidentia
1839 455 1946 531 (divim
1967 464 2016 534 est

478 552 726 636 constantissima
746 547 782 620 lit
808 542 1050 639 perfearffima,
1075 564 1150 613 cum
1174 540 1270 615 Deus
1299 542 1424 637 semper
1439 468 1696 639 dridembpns,
1717 548 1863 625 absolute
1885 557 2012 650 periec-

481 679 573 740 tum,
599 652 744 742 sapiens,
760 643 795 717 δι
813 641 1022 715 immutabile,

530 764 560 860 p.
592 760 705 833 XXlL
731 758 793 831 Hae
809 758 897 855 leges
911 753 1041 847 polluat
1058 758 1221 840 invocari,
1233 760 1375 848 ,quoties
1385 758 1498 835 similia
1515 782 1691 837 occurrunt
1708 764 1943 857 phaenpmena,
1965 775 2014 846 ita

480 860 641 951 exemplis
657 852 1119 942 illustranmr„confirmantur:
1137 848 1173 924 δι
1192 855 1268 945 quia
1286 854 1388 928 causae
1404 856 1524 948 latent,
1550 861 1604 932 vix
1618 860 1750 935 ulterius
1763 869 1859 937 certis
1874 866 2015 960 pastibus

469 957 637 1054 'progredi
660 952 859 1044 Philosopho
880 952 967 1031 licet.
995 998 998 1005 ·
1080 977 1084 983 ·
1542 1032 1545 1039 ,

529 1054 583 1124 Ex
610 1050 795 1144 hujusmodi
821 1048 949 1145 legibus
976 1046 1182 1144 calligr‘mus,
1207 1049 1287 1141 quid
1307 1052 1512 1138 naturaliter,
1538 1056 1618 1146 quid
1635 1059 2009 1159 miraculosecumingit

480 1150 569 1225 Nam
593 1148 746 1219 naturalia
769 1146 840 1217 suut
860 1145 1102 1236 phaenomena,
1122 1168 1196 1227 nure
1219 1148 1543 1229 pnfinc‘corporibus
1560 1154 1601 1213 in
1617 1153 2014 1231 similibus-occafiuaibus

480 1248 664 1320 constanter
692 1243 806 1313 eadem
829 1241 1045 1311 observantur.
1095 1233 1261 1320 Miracula
1292 1254 1400 1311 aurern
1424 1234 1514 1320 sunt,
1546 1258 1625 1309 curn
1650 1239 1867 1331 phaenomena
1886 1244 2014 1343 legibue

481 1344 674 1423 contrat-ia,
687 1339 750 1409 srve
772 1334 919 1408 adversus
936 1330 1125 1404 consuetum
1141 1330 1277 1403 Naturae
1295 1331 1445 1402 ordinem
1460 1336 1624 1405 eueniunt.
1674 1337 1874 1413 Naturaliter
1891 1347 2014 1417 anima·

479 1442 523 1513 lia
543 1462 583 1510 ex
602 1436 792 1521 animalibus
811 1449 1027 1528 generantur,
1052 1429 1107 1501 sed
1124 1451 1200 1499 cum
1224 1428 1416 1501 animalcula
1431 1448 1554 1501 tantum
1571 1452 1612 1501 ex
1627 1433 1760 1524 pulvere
1770 1418 1921 1528 perculso
1935 1464 2016 1533 pto·

480 1539 634 1618 ueniunt,
666 1530 856 1603 miraculum
887 1526 933 1597 est
959 1525 1037 1620 (a).
1089 1525 1328 1622 ignis-violenti
1348 1526 1476 1598 flamma
1498 1529 1682 1600 naturaliter
1713 1537 1873 1607 exanimat
1895 1534 2015 1625 &urit

478 1632 629 1705 honrines
649 1647 829 1716 eorumque
851 1624 1058 1715 vestimenta,
1083 1623 1214 1712 quodsi
1237 1622 1387 1695 homines
1402 1627 1439 1709 in
1463 1623 1626 1713 flammam
1650 1624 1787 1719 cunjesii
1808 1652 1871 1717 nec
1885 1654 2012 1719 nocen·

481 1748 560 1809 tur,
586 1748 648 1797 nuc
667 1744 798 1795 urantur
816 1718 1005 1811 „scd‘salvi
1025 1719 1187 1810 perstant,
1209 1720 1560 1819 nanceianum).
1601 1772 1621 1809 .·
1725 1748 1744 1799 ·,
1801 1774 1836 1817 .,
2014 1780 2019 1789 .

491 1822 615 1903 „Haec
642 1823 796 1894 eveniunt
818 1819 872 1890 vel
896 1839 955 1908 per
980 1817 1198 1887 immediatam
1221 1813 1289 1886 Dei
1311 1821 1511 1905 potentiam,
1536 1819 1588 1889 vel
1611 1821 1725 1893 ordine
1751 1822 1935 1911 divinorum
1955 1816 2019 1905 d'et

478 1942 668 2007 merorum,
695 1919 814 2009 quibus
831 1911 1060 2001 tuleseffedlus
1075 1934 1119 1983 eo
1138 1931 1288 2001 tempore
1303 1911 1429 1999 futuros¹
1441 1913 1672 2002 praestabriivit:
1686 1918 1752 1985 Sed
1768 1912 2021 2016 nostri‚tespec'.-

479 2038 516 2090 tu
532 2018 666 2110 perinde
685 2014 753 2100 est,
777 2010 935 2105 quicquid
952 2009 1134 2096 statuatur,⁸
1146 2030 1221 2082 nam
1233 2010 1269 2080 in
1287 2007 1453 2093 voluntate
1468 2005 1505 2083 ἀ
1514 2013 1666 2105 potentia
1684 2010 1792 2087 diviua
1806 2015 1931 2111 semper
1947 2040 2015 2113 πει,

478 2137 588 2191 mrnos
611 2134 822 2185 inveniemus.
855 2156 863 2196 :

490 2268 495 2275 ·
521 2231 552 2327 §-
571 2228 700 2300 XXIII.
718 2226 887 2322 Quoniam
900 2228 1026 2299 cunila
1039 2228 1131 2325 leges
1143 2246 1264 2302 natura
1279 2228 1428 2302 nondam
1446 2227 1517 2304 sunt
1530 2231 1828 2324 detestamportet
1842 2252 1880 2304 ut
1897 2231 2016 2306 sollici·

471 2349 513 2401 te
536 2349 600 2400 tarn
620 2330 654 2397 in
678 2324 874 2416 corporibus
898 2325 1112 2410 caeleslibus,
1143 2346 1241 2416 quant
1265 2330 1299 2398 in
1316 2320 1531 2413 terrestribus,
1556 2331 1803 2425 investigentur,
1827 2324 1866 2401 ὰ
1885 2351 2014 2400 mento·

479 2428 537 2496 ria
560 2423 748 2495 nudantur:
787 2418 1007 2503 Percturenda
1025 2424 1123 2514 igitur
1142 2442 1320 2509 corporum
1343 2427 1456 2491 omnia
1471 2442 1600 2515 genera·
1615 2445 1735 2507 erunt:
1770 2422 2015 2507 lncrelestibue

480 2519 691 2611 investigandi
718 2516 789 2584 sunt
807 2514 950 2585 Planetre
967 2518 1111 2600 primarii
1127 2509 1381 2596 desecandum,
1402 2535 1474 2583 rum
1489 2517 1647 2591 Comere
1661 2568 1677 2599 ,
1703 2513 1743 2586 dt
1763 2518 1899 2600 tandem
1914 2517 2014 2591 llellae

479 2614 574 2692 fixura
601 2613 748 2679 omnium
770 2626 955 2688 numerus,
994 2605 1187 2699 magnitudo
1210 2606 1341 2698 figura,
1374 2607 1574 2689 constantia,
1599 2608 1841 2692 evanescentia,
1865 2612 2014 2691 dillantia

479 2724 593 2779 mutua
609 2698 644 2770 ἃ
658 2720 677 2769 a
692 2698 789 2781 Sole,
816 2697 852 2765 dt
871 2698 996 2778 Terrd,
1012 2716 1082 2767 tum
1097 2700 1190 2765 sirus:
1217 2696 1402 2789 &quidem
1419 2706 1584 2792 praecipue
1597 2701 1802 2774 planetarum
1826 2698 1862 2774 δι
1881 2692 2018 2790 3Comess¹

477 2820 582 2877 tarum
596 2813 744 2882 tempora
758 2791 924 2881 periodica
945 2792 1032 2861 circa
1052 2790 1192 2880 Solem,
1222 2794 1423 2879 celeritates,
1445 2818 1630 2887 earumque,
1645 2797 1858 2889 discrimina,
1890 2805 2011 2879 orbita.

476 2919 549 2971 mm
574 2891 787 2981 cllipticarum
814 2908 891 2958 uera
917 2884 1019 2982 figura
1045 2882 1080 2956 δι
1102 2909 1154 2957 ma
1200 2889 1320 2974 itudaa
1354 2912 1531 2983 eammque
1549 2892 1775 2966 inclinationes
1803 2897 1844 2967 ad
1863 2888 2014 2993 ‚Erupe-

475 3016 578 3076 eam,
612 2985 831 3058 revolutiones
850 2985 937 3051 circa
963 2986 1065 3066 axin,
1102 2986 1157 3055 inc
1169 2987 1328 3067 iratiores
1353 2989 1463 3059 axium
1488 2989 1529 3059 a'd
1556 2990 1646 3061 suum
1670 3013 1869 3082 aequatorem
1902 2993 1937 3069 dt
1968 3000 2014 3072 ad

474 3092 610 3187 planum
636 3080 827 3173 Eelipticae,
852 3078 1035 3149 nutadonee
1055 3079 1190 3160 axium,
1222 3081 1335 3157 futurae,
1352 3078 1388 3145 δι
1402 3081 1571 3152 denfitates
1590 3105 1795 3174 corporum,
1833 3113 1873 3163 ac
1892 3115 2012 3184 opera.

477 3186 635 3263 tionesin
656 3178 687 3249 se
704 3195 847 3260 mutuo,
871 3173 1026 3264 Eclipses-
1040 3169 1106 3244 dec.
1132 3168 1287 3266 Quorum
1303 3169 1403 3241 multa
1423 3169 1529 3241 adhuc
1547 3169 1619 3240 fuat
1631 3182 1854 3265 incomperta,
1876 3208 1934 3254 aut
1946 3194 2011 3262 rni-

475 3302 541 3359 aus
568 3294 716 3351 accurate
743 3271 911 3353 memoriae
935 3269 1083 3356 andita,
1123 3267 1211 3343 unde
1239 3266 1440 3341 Tabularum
1460 3266 1752 3352 ‚astronomicarum
1779 3295 1946 3366 perpetua
1973 3304 2009 3355 e·

476 3378 703 3454 mendaciores
729 3370 957 3451 desiderantur.
1001 3390 1006 3399 ·
1237 3444 1240 3451 ,
1997 3410 2000 3415 -

484 3538 487 3549 .
528 3467 926 3561 illaautemquaTerram
941 3464 1406 3559 canstimunt,aPhilosophis
1418 3466 1520 3539 latria
1536 3463 1871 3562 Regnadividuntur,
1899 3477 2014 3571 Fofflle

473 3574 540 3651 ave
559 3570 763 3664 lapideum,
788 3566 997 3665 Vegetablle‚
1015 3567 1191 3657 Animula,
1209 3565 1328 3655 quibus
1344 3565 1637 3659 Atmospbaerr'cunr
1658 3564 1791 3665 adjungi
1811 3575 1942 3659 poterit.

525 3670 679 3761 Corpora
699 3689 771 3756 quae
800 3667 949 3764 Regnum
966 3664 1077 3755 Foffllt
1091 3654 1154 3734 sive
1169 3663 1352 3756 Lapideum
1375 3663 1593 3747 constituunt,
1619 3684 1864 3752 componunmr
1879 3689 1920 3755 err
1932 3686 2008 3762 para

473 3771 561 3849 tibus
582 3760 809 3850 diversrffinis,
834 3784 970 3855 quarum
991 3760 1151 3833 concursu
1167 3763 1251 3833 uaria
1270 3759 1411 3841 fluida,
1438 3777 1508 3828 tum
1533 3755 1638 3827 moles
1664 3757 1765 3829 srtmae
1790 3762 2011 3848 diversiffima'

475 3890 549 3957 vum
571 3865 766 3961 figurarum,
792 3860 1070 3955 magnitudinum,
1096 3852 1332 3935 &sanitatum
1358 3852 1568 3936 efficiuntur,
1603 3874 1677 3942 quae
1702 3876 1906 3949 nequaquam
1933 3861 2007 3937 sunt

477 3966 659 4060 walen,
674 3958 726 4029 vel
740 3961 875 4052 organis
891 3974 947 4027 rut
962 3953 1043 4035 vairs
1057 3949 1247 4031 mstruttae,
1271 3968 1334 4019 nec
1353 3948 1385 4018 se
1404 3968 1565 4033 arovent,
1599 3968 1661 4018 uec
1674 3952 1805 4033 vivunt.
1945 4004 1951 4015 ·
1992 3944 2002 3953 ’

527 4056 732 4156 Vegetabilt'a
747 4054 818 4123 sunt
834 4070 975 4141 corpora
990 4047 1163 4141 organica,
1181 4046 1339 4130 viventia,
1354 4042 1697 4127 instauramentum,
1713 4043 2003 4140 retrolabitur.

475 4159 517 4235 lis
527 4154 726 4252 ,glandulis,
743 4170 817 4240 quae
835 4167 927 4221 terrae
943 4164 1095 4235 tanquam
1114 4144 1254 4225 matrici,
1268 4162 1322 4212 aut
1335 4140 1405 4213 aliia
1420 4145 1654 4236 vegetantibus,
1666 4147 1890 4223 animaliumve
1904 4158 2001 4240 parti.

472 4259 537 4332 bus
553 4249 793 4335 adherescum,
817 4244 991 4339 exquibus
1011 4242 1242 4317 nutrimentum
1260 4241 1422 4336 capientia
1440 4237 1639 4319 increscunt:
1665 4238 1832 4340 Quamdiu
1847 4245 2003 4324 humores

1939 4345 2003 4441 fitia

470 4514 482 4541 ἱ
512 4492 573 4619 a)
594 4540 689 4602 Exod.
712 4537 783 4612 Cap.
807 4541 836 4601 8.
858 4556 888 4598 v.
913 4552 960 4607 ιγ.

536 4624 574 4706 l)
594 4617 704 4684 Daniel
724 4618 796 4695 Cap.
817 4629 845 4691 3·
866 4632 895 4678 t·
916 4629 968 4691 az.
