4572 6086
556 377 637 462 294
774 337 891 432 DE
946 327 1872 426 Ebriosuscmnrrrr,

556 543 746 724 {balbblvllrllll
761 533 971 730 (efgndlslbtil.
996 530 1168 700 llleerta'ttfiunse
1182 522 1380 698 griffini}
1399 523 1841 698 bblffvuut'on‘lbnlibbotbbierlb
1864 524 2086 707 mule?-

604 758 734 813 mcum
757 752 882 806 annexa
906 749 1019 802 catena
1041 725 1160 800 erexit:
1185 718 1305 792 serrum
1327 717 1433 790 ntaffae
1457 718 1613 808 srrlpburis
1637 721 1822 796 insstebuta
1849 723 2003 820 Quando
2018 753 2087 804 ,ce-

573 860 627 910 um
652 833 793 908 nubibus
815 831 891 902 atris
910 823 1162 903 obscurabatur,
1186 820 1332 908 quamvis
1351 835 1420 888 nou
1441 835 1597 902 tonaret,
1621 817 1712 890 clave
1736 841 1780 892 ex
1803 842 1919 898 canera
1942 825 2089 904 seinffllae

558 934 793 1006 eliciebunruta
814 924 976 998 »Fulmina
996 936 1208 1008 erumpente,
1233 913 1441 986 vehementer
1457 913 1501 984 ab
1534 911 1752 988 Eledricirrre
1776 921 1823 992 est
1845 921 2003 1010 asiacum,
2029 931 2090 1017 qui

560 1052 617 1104 aut
641 1029 784 1111 serrum,
808 1043 863 1095 aut
883 1039 1030 1094 catenant
1055 1015 1205 1086 tenebat:
1231 1035 1308 1084 curn
1331 1011 1444 1103 polica
1468 1008 1623 1102 pluebat,
1647 1010 1728 1082 licet
1752 1036 1909 1105 torar-er,
1932 1021 1975 1094 ad
1998 1043 2090 1094 cue,

444 1163 471 1218 ῃ
559 1151 611 1204 nae
632 1145 812 1200 extremum
838 1117 960 1194 nullam
982 1110 1159 1186 Scintillam
1180 1111 1272 1184 vidit.
1322 1110 1413 1182 Cum
1446 1107 1512 1180 alio
1536 1127 1687 1198 tempore
1711 1111 1836 1184 miani
1854 1118 1995 1188 nubibus
2017 1140 2092 1192 erat

560 1245 735 1319 opertum,
761 1216 945 1328 &absente
963 1211 1091 1308 fulgure
1112 1207 1227 1322 pluere
1249 1205 1410 1298 cepisset,
1436 1203 1583 1278 scintillae.
1603 1203 1807 1294 pulcerrima
1833 1207 1869 1280 sa
1892 1211 2090 1330 riuidiffimgr

455 1363 463 1378 '
557 1305 1480 1502 {russinisssissrqsssibsiii‘,
1500 1303 2090 1492 sisinissbsisilsffl

561 1515 758 1590 adsuerunt:
792 1505 870 1580 Visa
891 1504 1018 1597 semper
1042 1501 1089 1576 est
1112 1500 1192 1574 levis
1216 1498 1365 1592 quaedam
1393 1496 1512 1590 pluvie
1536 1496 1675 1593 aspersio
1701 1495 1972 1572 elebbtibtionem
1994 1521 2084 1577 ante

560 1607 932 1780 cedTelrenrrlabsbrsarinus
952 1699 1119 1771 Bnnoniae
1147 1717 1188 1768 ex
1207 1697 1297 1768 rasio
1317 1693 1443 1768 suarum
1466 1691 1585 1764 odiunt
1619 1691 1741 1764 sernrrn
1769 1695 1901 1780 metit,
1930 1701 1986 1770 cnr
2018 1719 2089 1773 ren.

561 1807 628 1882 sam
649 1803 804 1876 adnexuit
827 1819 997 1871 catenam:
1031 1815 1099 1868 turn
1123 1815 1194 1866 rara
1222 1789 1491 1882 cadente-pluvia
1514 1789 1694 1862 Eicdricas
1717 1789 1893 1868 observavit
1917 1793 2086 1887 scintillae,

563 1925 638 1997 quae
655 1889 799 1974 'densrnri
816 1897 946 1969 labente
961 1893 1070 1984 pluvia
1083 1910 1290 1964 evanuerant.
1338 1887 1452 1964 Tenui
1471 1887 1580 1980 pluvia
1605 1887 1731 1960 nebule
1754 1889 1851 1960 instar
1873 1891 1908 1960 in
1931 1893 2007 1964 aire
2030 1917 2091 1967 vo·

563 2000 680 2082 lante,
711 1995 800 2068 nulla
829 2012 897 2064 crat
923 1991 1123 2062 eledtlciras.
1146 2035 1149 2042 ,
1171 1987 1252 2060 Alio
1283 1985 1336 2058 die
1363 2009 1414 2059 cx·
1438 1983 1585 2057 nubibus
1606 1983 1780 2056 humilibus
1801 1986 1907 2056 imbre
1930 1989 2088 2078 Mente,

562 2093 774 2170 Elesiricitas
801 2090 923 2162 aderat.
976 2087 1055 2158 Alio
1085 2105 1235 2177 tempore
1270 2083 1405 2176 pluente
1429 2079 1672 2178 &fulgurante
1696 2081 1780 2154 caelo
1804 2079 1946 2156 scintilla
1970 2105 2012 2156 ex
2027 2107 2091 2158 ca·

426 2193 431 2202 '
564 2213 642 2266 rena
665 2190 878 2262 eliciebantur
899 2185 1031 2258 duobus
1056 2185 1189 2254 ndnutis
1209 2181 1358 2254 secundis
1381 2199 1457 2256 ante
1479 2179 1619 2276 fulgur,
1652 2180 1737 2251 adeo
1761 2198 1797 2250 ut
1821 2178 1855 2249 id
1871 2185 2091 2270 praenuncias

564 2291 727 2384 potuerit:
754 2285 835 2358 Alio
859 2283 964 2356 narsus
985 2301 1135 2373 tempore
1159 2301 1236 2352 curn
1261 2299 1330 2352 non
1351 2279 1509 2373 pluebat,
1535 2277 1612 2350 licet
1636 2274 1843 2364 fulminaret,
1874 2277 1965 2348 nulla
1984 2279 2091 2352 obser·

564 2388 700 2462 vabanrr
726 2383 955 2464 Elediriciras,
980 2399 1054 2468 quae
1079 2375 1273 2448 adventante
1297 2375 1407 2466 pluvia
1430 2397 1507 2446 curn
1532 2373 1669 2446 stridore
1691 2373 1829 2460 aderat,
1851 2375 1937 2447 adeo
1961 2395 1998 2448 ut
2020 2375 2092 2469 Spi-

566 2485 647 2555 ritus
670 2478 748 2550 Vini
771 2475 895 2550 calidus
918 2474 1050 2546 incendi
1066 2474 1231 2564 potuerit,
1256 2493 1368 2546 veturn
1381 2471 1580 2546 increscente
1605 2470 1733 2564 pluvia,
1759 2467 1796 2542 dc
1820 2470 1936 2544 diebus
1957 2489 2093 2566 quassos

565 2579 733 2661 durante,
766 2571 846 2646 nibil
875 2569 1106 2644 Eleunciuris
1135 2569 1294 2642 observari
1326 2573 1444 2662 potuit.
1511 2567 1629 2640 Mense
1662 2567 1820 2639 Odlobris
1851 2573 1955 2642 tenuis
1986 2570 2094 2666 pluvis

565 2673 628 2744 fuit
653 2693 728 2742 curn
753 2670 803 2740 lan
852 2667 904 2737 ida
930 2661 1178 2756 Eiedricira'te3
1212 2665 1324 2760 postea
1352 2669 1489 2744 cadente
1512 2668 1619 2737 imbre
1643 2660 1679 2736 δι
1705 2685 1839 2738 tonante
1862 2666 1948 2739 caelo
1972 2667 2094 2740 nullutn

566 2768 631 2839 suit
640 2767 798 2837 indicium
850 2763 1055 2836 ledricitutis.
1086 2761 1206 2834 Mense
1221 2761 1405 2835 Novembri
1421 2762 1606 2860 fulgurabat
1631 2762 1697 2833 stne
1722 2767 1863 2852 tonitru,
1887 2765 2007 2860 pluviae
2022 2789 2095 2864 gut·

569 2883 613 2938 tae
638 2861 777 2953 majores
801 2881 892 2931 erant
916 2879 993 2931 cum
1010 2857 1153 2930 scintillis
1176 2859 1388 2932 viridioribus
1408 2861 1597 2946 eledricis,
1632 2857 1829 2934 increscente
1853 2863 1964 2956 pluvia
1985 2863 2098 2936 deme·

568 2963 617 3034 vlt
640 2955 872 3032 Eledbricitasr
906 2957 997 3031 Cum
1028 2955 1174 3047 quodam
1199 2951 1253 3026 dle
1284 2955 1485 3032 Novembris
1515 2956 1654 3050 spirante
1679 2957 1795 3031 Africo
1817 2957 1930 3048 pluere
1954 2981 2096 3052 cuperat
2255 3037 2256 3055 ,

570 3058 695 3150 absque
716 3058 860 3141 tonitnr,
884 3055 1061 3128 vehemens
1081 3051 1185 3124 adsuit
1200 3052 1525 3148 strenuumque
1546 3054 1743 3130 increscente
1757 3051 1862 3148 pluvit
1875 3053 1984 3126 desiit:
2011 3060 2094 3130 Alio

400 3211 429 3230 ..
568 3155 625 3228 die
647 3156 754 3227 tenuis
777 3149 932 3226 &deun
955 3149 1076 3223 nebula
1098 3149 1295 3238 descendit,
1319 3153 1444 3250 deinde¹
1457 3152 1544 3244 pluit
1563 3169 1638 3225 curn
1661 3171 1761 3228 vento
1784 3152 1959 3237 orientali,
1984 3153 2040 3226 sed
2061 3157 2100 3226 sr-

569 3273 614 3328 ne
638 3252 708 3322 ullo
739 3251 967 3322 Eledricitatis
998 3247 1132 3320 indicio.
1181 3245 1333 3338 Hyemali
1360 3269 1510 3344 tempore
1539 3249 1804 3344 compluebat,
1836 3268 1891 3321 aut
1923 3249 2097 3348 ringebat,

574 3367 631 3426 aut
655 3348 808 3429 tonabat,
833 3365 889 3416 aut
908 3343 1137 3440 grandinabat,
1153 3345 1288 3416 nullum
1310 3341 1539 3419 Elediricitatis
1561 3345 1621 3417 suit
1646 3345 1792 3442 iignum,

623 3441 681 3514 Ex
700 3441 751 3510 bis
770 3459 859 3530 paret
877 3461 982 3532 prope
1003 3438 1107 3511 solum
1129 3461 1364 3536 nonnunquam
1386 3447 1420 3515 in
1445 3445 1607 3536 aliquibus
1630 3445 1817 3539 regionibus
1839 3443 1978 3518 multum
2002 3445 2101 3518 Elec·

574 3539 722 3614 uicimtis
744 3533 870 3623 inesse,
894 3535 1070 3628 aliquando
1097 3559 1241 3630 parurn,
1266 3560 1322 3612 aut
1344 3541 1448 3613 nihil:
1473 3539 1670 3634 potiffimum
1694 3540 1774 3612 inest
1798 3539 1881 3611 culo
1905 3549 2042 3614 tonante
2066 3539 2102 3616 dt

574 3635 767 3708 fulminante
792 3633 866 3726 post
886 3632 1088 3732 ptaegreffam
1116 3637 1302 3727 malaciam,
1327 3661 1471 3734 cunique
1493 3639 1597 3712 nubes
1621 3636 1737 3712 resolvi
1761 3641 1795 3709 in
1820 3638 1961 3730 pluviam
1986 3637 2022 3710 dc
2048 3661 2103 3711 ca-

573 3731 657 3808 dere
679 3734 801 3824 cepit:
833 3731 963 3806 AEstate
984 3727 1020 3803 dt
1044 3734 1190 3826 inprimis
1211 3737 1292 3810 scca
1308 3738 1418 3824 adesi,
1444 3738 1545 3834 longe
1569 3741 1675 3810 minus
1698 3737 1732 3807 in
1754 3735 1915 3823 humida,
1941 3735 2010 3808 filet
2033 3735 2101 3808 scre
2258 3725 2259 3734 '

577 3829 725 3920 hyeme,
751 3826 956 3904 Eledricitas
979 3829 1051 3902 haec
1075 3829 1241 3908 Naturalis
1265 3837 1424 3934 gradatim
1449 3839 1605 3931 minuitur
1629 3833 1803 3908 occidente
1827 3833 1932 3914 Sole,
1972 3835 2101 3904 biborio

578 3927 653 4022 pou
673 3925 823 4003 occasum
837 3924 881 4001 dt
904 3947 974 4004 tota
996 3930 1093 4000 nodie
1112 3929 1189 4003 licet
1208 3933 1313 4006 aestiva
1335 3933 1422 4019 silet,
1449 3957 1512 4007 nec
1535 3933 1617 4005 redit
1642 3932 1699 4004 nili
1724 3932 1803 4002 hora
1829 3931 1939 4002 oduva
1964 3930 2016 4001 vel
2041 3953 2101 4002 no-

580 4047 624 4097 na
646 4028 827 4110 matutina,
859 4028 906 4096 uti
929 4026 1176 4100 obsersaverunt
1196 4027 1358 4104 Mounior
1379 4031 1487 4130 (c),
1514 4031 1651 4106 Marsas
1671 4029 1760 4128 (d).
1810 4026 2016 4112 Cantonus,
2047 4027 2102 4099 nis

580 4119 704 4224 fulgeat
728 4123 862 4198 Aurora
882 4125 991 4197 borea.

997 4257 1006 4280 ,
1774 4219 2103 4322 §.Decccxut

624 4413 688 4492 (a)
709 4415 821 4488 sbrius.
837 4415 987 4486 haum&-
1005 4418 1143 4496 volup
1160 4437 1227 4502 pag.
1247 4433 1320 4504 5254
1365 4473 1370 4484 .

647 4493 685 4568 i)
708 4494 903 4558 commentar.
924 4497 1040 4559 Bonan.
1062 4499 1132 4560 Vel.
1149 4514 1175 4572 ³·
1197 4518 1264 4579 pag.
1280 4505 1350 4570 auo}

647 4571 683 4648 c)
706 4572 805 4636 l'Hist.
829 4573 866 4634 de
889 4573 1000 4635 l’Acad.
1023 4577 1101 4656 Ray.
1123 4579 1178 4640 Λο.
1196 4595 1283 4656 1752.
1439 4603 1445 4618 ·
1550 4603 1556 4612 ·
1598 4585 1604 4596 '
1649 4583 1653 4594 '

625 4649 686 4734 (d)
706 4651 815 4720 Philus.
836 4653 985 4722 arnseo.
1006 4653 1077 4726 vol.
1094 4661 1144 4737 48·
1164 4673 1235 4766 uss·
1250 4673 1323 4744 ³1⁸2
1428 4715 1432 4722 ·
