4282 5962
403 314 495 405 DE
544 294 940 402 CORPORUM
988 288 1630 399 ATTRACTIONIBUS.
1717 318 1796 420 379

282 510 348 609 A.
373 510 577 587 lllLXVllL
601 506 682 579 Non
708 503 800 576 slirer
818 500 984 573 solvuntur
1004 498 1144 570 Metelle
1166 522 1186 571 rt
1208 501 1270 573 suis
1292 505 1481 595 menstruis,
1507 534 1582 604 quae
1604 509 1798 601 plerumque

261 633 308 685 cx
329 635 413 705 aqua
435 612 469 684 dc
489 633 530 683 tx
553 604 696 701 partibus
716 604 819 674 scotis
846 598 1064 670 scindentibus
1094 598 1291 689 scidorum,
1323 603 1375 675 vel
1401 605 1550 678 alcalium
1573 608 1693 680 Salium
1715 626 1797 675 con·

262 712 378 785 slent:
407 712 458 783 lrae
478 706 577 805 igitur
599 701 769 799 magnsvi
796 699 958 784 sttrasiae,
988 714 1160 787 penetrant
1185 699 1394 785 intricatus,
1427 702 1631 792 discindunt,
1656 707 1797 778 solvunt·

269 832 336 904 que
361 826 502 900 corpora
529 801 710 874 admodum
736 797 816 867 dntt
839 794 1019 886 firmaque,
1045 793 1189 885 spumam
1214 796 1250 867 in
1272 798 1442 889 superficie
1471 804 1641 890 excitant,
1665 803 1800 893 proprie

263 908 457 981 corrodunt.
533 898 705 971 Menstrua
727 894 799 967 lraec
822 891 892 963 sunt
913 892 1044 964 diversa.
1091 890 1181 964 Nrm
1202 893 1386 988 Cuprum,
1410 898 1614 985 Piumbum,
1639 902 1799 987 Zincum,

222 1053 231 1065 .
269 1002 490 1097 promtissime¹
510 1004 545 1071 in
572 1002 675 1071 Acrto
702 994 877 1085 asperrimo
905 989 1102 1062 solvuntur:
1134 995 1218 1063 aceti
1247 1014 1357 1065 autem
1393 997 1482 1068 nulla
1510 1002 1559 1071 vis
1596 1004 1631 1073 in
1663 998 1800 1071 solidum

272 1102 423 1182 Arrun,
449 1096 588 1168 solidum
604 1098 805 1191 Argentum,
819 1086 1050 1161 Mercurium:
1076 1088 1220 1162 Alumcn
1242 1095 1331 1185 prius
1356 1094 1390 1166 in
1410 1098 1508 1186 Aque
1529 1096 1668 1171 dilutum
1682 1120 1800 1193 poten·

269 1220 320 1273 ter
351 1196 447 1283 solvit
477 1192 644 1276 Metalla,
677 1191 711 1261 in
743 1188 924 1259 limaturam
937 1208 940 1215 ·
954 1188 1058 1260 modo
1091 1206 1249 1275 tenuata,
1284 1191 1420 1283 simplici
1451 1195 1660 1289 digestione,
1692 1203 1800 1290 ponit·

265 1319 337 1391 -que
353 1316 490 1382 terrant,
515 1293 562 1364 uti
576 1291 698 1361 invenit
712 1284 933 1382 Merggrefiut
958 1285 1053 1385 (a).
1077 1294 1180 1386 Aqua
1194 1288 1301 1381 fortis
1314 1288 1408 1363 solvit
1430 1296 1542 1363 omnir
1564 1296 1715 1383 metalla,
1732 1298 1802 1367 Au·

151 1440 156 1457 ·
269 1418 308 1469 ro
333 1412 485 1485 excepto.
537 1390 654 1463 Oleum
684 1387 827 1461 Vitrioli
849 1384 1116 1471 laudatissimum,
1136 1389 1229 1479 quod
1255 1389 1373 1461 dicitur
1401 1412 1677 1479 concentratum,
1711 1394 1804 1469 solvit

269 1496 438 1577 Ferrum,
463 1488 645 1581 Cuprom,
671 1484 838 1557 Zincumt
871 1481 1015 1555 sednon
1038 1482 1132 1555 solvit
1161 1486 1324 1571 Aurum,
1355 1487 1569 1583 Argentum,
1600 1491 1805 1581 Plumbttm,

271 1594 457 1676 Stannum,
490 1586 708 1659 Mercurium.
758 1584 904 1677 Spiritus
929 1583 1019 1661 Salis
1043 1582 1180 1685 Marini
1203 1581 1298 1656 solvit
1323 1582 1480 1672 Ferrum,
1508 1586 1684 1678 Cuprum,
1710 1591 1806 1662 Stan.

268 1710 349 1771 nunt
367 1737 391 1777 ,
413 1686 621 1777 Piumbum,
647 1680 879 1779 Mercurium,
904 1680 1078 1753 Zincum:
1110 1679 1166 1751 sed
1188 1702 1260 1753 non
1282 1680 1377 1751 solvit
1402 1682 1565 1769 Aurum,
1591 1688 1805 1781 Argentum,

267 1776 440 1881 Regulum
464 1781 659 1859 Antitnonii.
685 1784 787 1875 Aqua
811 1781 902 1875 regia
918 1780 1007 1849 bone
1022 1776 1116 1850 solvit
1140 1777 1292 1865 Aurum,
1316 1774 1684 1873 Ferramentum,
1710 1785 1805 1857 Stan-

260 1906 366 1965 trum,
392 1879 588 1964 Pltrmbum,
613 1876 841 1969 Mercurium,
868 1875 1101 1961 Bismuthum,
1122 1876 1284 1961 Zincum,
1310 1874 1483 1970 Regulum
1508 1883 1725 1966 Antimonii,
1751 1884 1807 1956 scd

265 2004 335 2057 non
370 1978 464 2049 solvit
496 1980 696 2069 Argentum.
759 1973 808 2051 lte
829 1994 964 2065 quoque
981 1974 1092 2048 Salia
1124 1975 1261 2048 Alcalia
1295 1970 1461 2047 Volsrilsa
1487 1974 1617 2048 solvunt
1642 1978 1806 2068 lllettrlla,

266 2077 368 2151 veluti
393 2071 429 2143 δι
454 2074 590 2147 Alcalr'a
607 2071 713 2165 fixa:
747 2072 783 2143 Si
813 2075 903 2143 eninr
934 2070 1043 2143 Alcali
1068 2094 1144 2145 curn
1167 2073 1254 2143 src'co
1277 2070 1432 2167 sanguine
1455 2074 1580 2146 bovino
1607 2076 1806 2167 calcinetur,

269 2197 338 2247 tunt
356 2170 538 2263 liquescat,
560 2168 666 2241 solvet
688 2168 815 2247 Aurum
836 2171 931 2261 prius
954 2170 988 2237 in
1012 2171 1111 2260 Aqua
1132 2172 1221 2265 regia
1239 2169 1426 2241 dissolutum
1450 2168 1626 2245 &deinde
1659 2198 1808 2269 ptaeccps

263 2273 407 2361 clatum,
438 2291 514 2340 nam
541 2269 679 2339 nascitur
699 2265 817 2337 solutio
838 2264 1036 2353 pellucens:
1069 2265 1162 2336 solvit
1188 2268 1287 2335 etiam
1313 2268 1502 2360 Argentum
1535 2276 1625 2358 prius
1649 2276 1684 2344 in
1702 2277 1811 2365 Aque

262 2370 344 2440 sorti
367 2364 555 2437 dissolutum
582 2364 671 2455 (b).
698 2361 808 2445 Alcali
830 2360 1025 2441 calcinatum
1048 2381 1123 2425 curn
1148 2360 1300 2451 sanguine
1322 2364 1447 2433 bovino
1474 2367 1573 2435 etiam
1597 2367 1688 2439 solvit
1714 2372 1809 2443 Mer·

267 2468 422 2549 curium,
447 2460 684 2543 Bismuthum,
712 2456 880 2538 Zincum3
905 2474 973 2523 non
993 2472 1102 2523 autem
1128 2450 1304 2523 Piumbum
1328 2448 1364 2523 δι
1385 2456 1563 2549 stannum:
1590 2460 1714 2533 Verum
1739 2490 1808 2540 non

267 2584 368 2636 omne
392 2560 499 2634 Alcali
518 2556 619 2627 stxum
639 2556 697 2625 hus
721 2552 898 2622 solutiones
919 2546 1068 2641 prestat,
1093 2571 1169 2639 pern
1194 2550 1218 2619 sr
1240 2552 1387 2641 capiatur
1415 2550 1526 2655 Alceli
1552 2556 1726 2633 causticum
1749 2588 1808 2655 pa.

269 2682 374 2735 tatum
407 2678 484 2729 curn
506 2646 621 2739 ¹Calc'e
645 2652 748 2731 vive,
780 2666 849 2715 tum
875 2646 936 2721 Sal,
953 2644 1107 2735 Tartari,
1142 2666 1198 2717 aut
1230 2644 1366 2719 Nittum
1393 2647 1630 2731 detornatione
1655 2656 1807 2751 fixarum,

269 2780 324 2831 aut
347 2757 399 2828 Sal
420 2752 546 2825 Tartari
566 2768 646 2818 curn
669 2743 880 2817 Carbonibus
901 2740 1063 2828 fixarum,
1087 2763 1156 2845 non
1182 2741 1220 2813 fit
1242 2741 1430 2835 hujusmodi
1461 2746 1610 2821 solutior
1634 2742 1807 2843 Quamdiu

265 2874 375 2951 partes
392 2852 513 2923 horum
536 2864 717 2935 corporum
741 2858 1006 2931 componentes,
1029 2846 1208 2939 earumque
1234 2837 1421 2941 fabricem,
1453 2846 1664 2935 poroiirarem
1685 2852 1721 2925 ἃ
1746 2857 1810 2931 arr,

269 2948 497 3024 concurrentia
518 2947 734 3039 ignoramus,
766 2935 846 3007 nihil
868 2934 1022 3007 dehisce
1051 2935 1267 3009 solutionibus
1289 2936 1444 3031 expedire
1466 2926 1658 3039 possumus,
1683 2950 1739 3025 sed
1760 2955 1809 3027 ef·

265 3048 407 3121 senibus
433 3041 607 3113 observatis
633 3038 793 3108 debemus
815 3030 882 3104 elle
905 3035 1065 3115 contenti.

288 3216 291 3221 ·
317 3180 351 3281 A.
377 3180 552 3255 MLXlX.
577 3178 673 3273 Saepe
697 3200 808 3252 autem
826 3176 980 3250 solventis
1000 3198 1075 3267 quae
1099 3176 1219 3250 blenda
1238 3178 1332 3269 sunt,
1354 3180 1480 3256 facilius
1503 3178 1630 3261 solvunt
1642 3200 1805 3282 corpora,-

269 3304 368 3375 quern
391 3302 431 3351 ea
451 3282 634 3353 acutiorum
663 3278 825 3372 pattiuin't
847 3272 939 3349 Nam
959 3272 1199 3349 Mercurius&
1218 3274 1342 3351 Oleum
1365 3282 1524 3355 olivarum
1539 3283 1675 3359 'solvunt
1695 3288 1807 3362 Plumss

267 3383 350 3454 bum
372 3376 407 3448 δι
431 3378 620 3459 Strenuum,
649 3398 723 3467 quae
748 3396 818 3463 nort
832 3372 1002 3475 solvuntur
1026 3375 1068 3445 ab
1097 3374 1188 3447 Oleo
1212 3368 1353 3449 vitnoli:
1371 3384 1541 3453 acerrimo.
1615 3386 1807 3460 Albuminis

266 3482 325 3551 ovi
351 3481 437 3549 corii
463 3475 497 3546 dr
524 3494 584 3564 per
607 3472 787 3561 deliquium
813 3471 907 3539 soluti
930 3493 1016 3562 aqua
1038 3472 1159 3541 blrndr
1183 3471 1275 3545 solvit
1300 3474 1491 3565 Myrrham,
1515 3502 1692 3573 quemnec
1708 3485 1806 3577 Aqua

269 3577 385 3664 sortis,
411 3596 474 3645 nec
492 3573 544 3641 elii
571 3569 671 3639 Solini
694 3568 832 3655 Spiritus
849 3568 934 3635 acidi
959 3564 1124 3659 asperrimi
1144 3565 1267 3639 solvere
1289 3573 1432 3663 poliunt.
1485 3577 1590 3673 Quod
1618 3586 1806 3673 proveniti

270 3673 387 3763 majori
412 3670 602 3739 etrraslione
625 3662 736 3736 blandi
762 3660 942 3750 menstrui,
967 3682 1065 3753 quam
1090 3662 1184 3754 quod
1210 3670 1313 3738 acutis
1339 3670 1536 3766 asperisque¹
1555 3683 1700 3767 partibus
1725 3704 1807 3755 con·

270 3768 341 3840 stat.
399 3764 525 3838 Nonne
556 3762 635 3833 hinc
664 3758 755 3833 intell
802 3780 882 3847 tur,
913 3780 1015 3853 quate
1038 3761 1191 3853 Aurum,
1221 3764 1313 3855 quod
1337 3766 1379 3835 ab
1401 3770 1502 3863 Aqua
1521 3770 1597 3857 sorti
1621 3798 1689 3859 non
1710 3778 1805 3849 solui·

269 3884 344 3949 tur,
370 3884 479 3935 tamen
502 3886 522 3933 e
546 3858 720 3963 Mercurio
742 3782 876 3953 Minu
900 3864 942 3955 (c
973 3910 996 3955 .,
1033 3854 1089 3931 Ex
1111 3856 1275 3951 p'uriffimo
1295 3864 1383 3939 enim
1405 3868 1503 3943 Auro
1522 3892 1630 3961 parata
1649 3872 1722 3945 sunt
1748 3875 1804 3949 iila

272 3961 469 4047 tenuissima,
494 3980 634 4052 quotum
657 3978 762 4029 unum
786 3954 848 4053 lipu
868 3956 1025 4053 inclinato
1047 3956 1222 4031 immissum
1245 3967 1508 4053 parteinferiori
1527 3968 1589 4043 luit
1612 3971 1802 4055 Mercurio:

271 4058 327 4133 iric
350 4056 571 4151 paucislroris
594 4052 778 4127 subternis
807 4056 942 4133 corticis
967 4052 1073 4129 forms
1102 4074 1207 4129 toturn
1235 4058 1325 4133 filum
1356 4071 1514 4159 operuit,
1546 4090 1727 4144 extremum
1753 4076 1803 4146 in·

272 4158 412 4229 mersum
436 4155 596 4227 corrosit:
629 4154 667 4247 ln
695 4150 832 4247 alterum
862 4152 955 4259 filum
983 4152 1295 4249 perpendiculariter
1323 4161 1506 4258 suspensum
1538 4167 1725 4247 Mercurios
1760 4192 1804 4244 etr

1709 4270 1802 4347 oraui

393 4449 502 4511 L’Llst.
525 4448 562 4508 de
583 4444 711 4509 L'Acad.
733 4446 770 4507 de
790 4447 890 4509 Berlin
911 4420 1009 4512 Totn.¹
1022 4466 1049 4513 r.
1068 4470 1134 4533 pag.
1158 4453 1187 4517 8.
1207 4451 1236 4515 dr
1253 4459 1302 4521 σα.

395 4529 510 4590 L’Hist.
532 4528 568 4587 de
589 4527 717 4588 L’Acad.
739 4527 776 4587 de
797 4528 898 4589 Berlin
918 4530 1081 4607 Ast-1754.
1104 4548 1169 4609 peg.
1192 4538 1243 4597 66.

392 4609 590 4675 Comucrtrr.
609 4604 727 4677 linurin
748 4607 820 4673 Vol.
840 4624 869 4674 r.
886 4606 916 4673 ἀ
936 4604 1006 4674 Vol.
1028 4626 1058 4674 e.
1078 4628 1146 4692 pag.
1167 4619 1237 4684 noe.

1120 4710 1267 4785 Bbbs

148 4528 164 4539 ’
311 4451 374 4607 ill

311 4613 371 4691 ‹c›
