<?xml version="1.0" encoding="UTF-8"?>
<!DOCTYPE html PUBLIC "-//W3C//DTD XHTML 1.0 Transitional//EN"
    "http://www.w3.org/TR/xhtml1/DTD/xhtml1-transitional.dtd">
<html xmlns="http://www.w3.org/1999/xhtml" xml:lang="en" lang="en">
 <head>
  <title>
</title>
<meta http-equiv="Content-Type" content="text/html;charset=utf-8" />
  <meta name='ocr-system' content='tesseract 3.04.00' />
  <meta name='ocr-capabilities' content='ocr_page ocr_carea ocr_par ocr_line ocrx_word'/>
</head>
<body>
  <div class='ocr_page' id='page_1' title='image "./introductioadph01lulogoog_0049.png"; bbox 0 0 4584 6072; ppageno 0'>
   <div class='ocr_carea' id='block_1_1' title="bbox 597 229 1926 346">
    <p class='ocr_par' dir='ltr' id='par_1_1' title="bbox 597 229 1926 346">
     <span class='ocr_line' id='line_1_1' title="bbox 597 229 1926 346; baseline 0.002 -18"><span class='ocrx_word' id='word_1_1' title='bbox 597 244 653 332; x_wconf 80' lang='lat' dir='ltr'>ro</span> <span class='ocrx_word' id='word_1_2' title='bbox 962 231 1074 324; x_wconf 77' lang='lat' dir='ltr'>DE</span> <span class='ocrx_word' id='word_1_3' title='bbox 1131 229 1796 346; x_wconf 73' lang='lat' dir='ltr'>PHlL-osoprrrn</span> <span class='ocrx_word' id='word_1_4' title='bbox 1912 282 1926 310; x_wconf 56' lang='grc' dir='ltr'><strong><em>ι</em></strong></span> 
     </span>
    </p>
   </div>
   <div class='ocr_carea' id='block_1_2' title="bbox 583 423 2278 1985">
    <p class='ocr_par' dir='ltr' id='par_1_2' title="bbox 587 423 2204 1112">
     <span class='ocr_line' id='line_1_2' title="bbox 597 423 2204 534; baseline -0.014 -16"><span class='ocrx_word' id='word_1_5' title='bbox 597 467 634 518; x_wconf 88' lang='lat' dir='ltr'>re</span> <span class='ocrx_word' id='word_1_6' title='bbox 651 439 774 534; x_wconf 85' lang='lat' dir='ltr'>semper</span> <span class='ocrx_word' id='word_1_7' title='bbox 792 435 895 506; x_wconf 89' lang='lat' dir='ltr'>licet:</span> <span class='ocrx_word' id='word_1_8' title='bbox 931 425 1020 524; x_wconf 81' lang='lat' dir='ltr'>Quia</span> <span class='ocrx_word' id='word_1_9' title='bbox 1039 445 1152 498; x_wconf 84' lang='lat' dir='ltr'>natura</span> <span class='ocrx_word' id='word_1_10' title='bbox 1175 446 1246 500; x_wconf 90' lang='lat' dir='ltr'>non</span> <span class='ocrx_word' id='word_1_11' title='bbox 1259 423 1385 520; x_wconf 88' lang='lat' dir='ltr'>semper</span> <span class='ocrx_word' id='word_1_12' title='bbox 1402 427 1439 502; x_wconf 93' lang='lat' dir='ltr'>in</span> <span class='ocrx_word' id='word_1_13' title='bbox 1458 431 1626 516; x_wconf 68' lang='lat' dir='ltr'>fimrrffiu&#39;s</span> <span class='ocrx_word' id='word_1_14' title='bbox 1641 435 1824 530; x_wconf 64' lang='lat' dir='ltr'>wmpofiris</span> <span class='ocrx_word' id='word_1_15' title='bbox 1843 431 2010 512; x_wconf 65' lang='lat' dir='ltr'>effectibus</span> <span class='ocrx_word' id='word_1_16' title='bbox 2031 435 2129 518; x_wconf 54' lang='lat' dir='ltr'>oden.</span> <span class='ocrx_word' id='word_1_17' title='bbox 2200 457 2204 472; x_wconf 94' lang='lat'>·</span> 
     </span>
     <span class='ocr_line' id='line_1_3' title="bbox 593 522 2127 629; baseline 0.007 -29"><span class='ocrx_word' id='word_1_18' title='bbox 593 543 646 612; x_wconf 83' lang='lat' dir='ltr'>tiis</span> <span class='ocrx_word' id='word_1_19' title='bbox 669 539 738 629; x_wconf 76' lang='lat' dir='ltr'>pari</span> <span class='ocrx_word' id='word_1_20' title='bbox 764 530 853 622; x_wconf 82' lang='lat' dir='ltr'>palio</span> <span class='ocrx_word' id='word_1_21' title='bbox 875 525 1020 597; x_wconf 84' lang='lat' dir='ltr'>incedit:</span> <span class='ocrx_word' id='word_1_22' title='bbox 1060 522 1230 623; x_wconf 81' lang='lat' dir='ltr'><strong>Quoniam</strong></span> <span class='ocrx_word' id='word_1_23' title='bbox 1253 525 1434 622; x_wconf 82' lang='lat' dir='ltr'>muscarum</span> <span class='ocrx_word' id='word_1_24' title='bbox 1460 536 1622 626; x_wconf 72' lang='lat' dir='ltr'>plurimae</span> <span class='ocrx_word' id='word_1_25' title='bbox 1645 537 1763 628; x_wconf 82' lang='lat' dir='ltr'>species</span> <span class='ocrx_word' id='word_1_26' title='bbox 1786 532 1858 604; x_wconf 83' lang='lat' dir='ltr'>sum</span> <span class='ocrx_word' id='word_1_27' title='bbox 1879 538 2051 626; x_wconf 81' lang='lat' dir='ltr'>om&#39;parae,</span> <span class='ocrx_word' id='word_1_28' title='bbox 2084 561 2127 610; x_wconf 84' lang='lat' dir='ltr'>an</span> 
     </span>
     <span class='ocr_line' id='line_1_4' title="bbox 594 621 2129 724; baseline 0 -18"><span class='ocrx_word' id='word_1_29' title='bbox 594 653 689 706; x_wconf 86' lang='lat' dir='ltr'>erunt</span> <span class='ocrx_word' id='word_1_30' title='bbox 713 624 860 702; x_wconf 74' lang='lat' dir='ltr'>omnes?</span> <span class='ocrx_word' id='word_1_31' title='bbox 897 621 1147 716; x_wconf 68' lang='lat' dir='ltr'>Nequaquam</span> <span class='ocrx_word' id='word_1_32' title='bbox 1182 625 1316 701; x_wconf 87' lang='lat' dir='ltr'>testante</span> <span class='ocrx_word' id='word_1_33' title='bbox 1336 632 1566 722; x_wconf 68' lang='lat' dir='ltr'>operientia:</span> <span class='ocrx_word' id='word_1_34' title='bbox 1590 635 1659 706; x_wconf 86' lang='lat' dir='ltr'>sont</span> <span class='ocrx_word' id='word_1_35' title='bbox 1685 632 1771 703; x_wconf 88' lang='lat' dir='ltr'>enim</span> <span class='ocrx_word' id='word_1_36' title='bbox 1791 651 1926 722; x_wconf 90' lang='lat' dir='ltr'>quoque</span> <span class='ocrx_word' id='word_1_37' title='bbox 1949 635 2129 724; x_wconf 73' lang='lat' dir='ltr'>vitiparaee</span> 
     </span>
     <span class='ocr_line' id='line_1_5' title="bbox 593 721 2129 822; baseline 0.003 -22"><span class='ocrx_word' id='word_1_38' title='bbox 593 725 721 800; x_wconf 88' lang='lat' dir='ltr'>aNob.</span> <span class='ocrx_word' id='word_1_39' title='bbox 737 721 941 794; x_wconf 89' lang='lat' dir='ltr'>Reaumurio</span> <span class='ocrx_word' id='word_1_40' title='bbox 959 721 1126 818; x_wconf 78' lang='lat' dir='ltr'>eleganter</span> <span class='ocrx_word' id='word_1_41' title='bbox 1139 723 1324 817; x_wconf 78' lang='lat' dir='ltr'>descriptae.</span> <span class='ocrx_word' id='word_1_42' title='bbox 1373 724 1463 822; x_wconf 84' lang='lat' dir='ltr'><strong>Quia</strong></span> <span class='ocrx_word' id='word_1_43' title='bbox 1492 731 1594 802; x_wconf 87' lang='lat' dir='ltr'>multa</span> <span class='ocrx_word' id='word_1_44' title='bbox 1618 727 1788 815; x_wconf 84' lang='lat' dir='ltr'>animalia,</span> <span class='ocrx_word' id='word_1_45' title='bbox 1826 749 1903 818; x_wconf 87' lang='lat' dir='ltr'>quae</span> <span class='ocrx_word' id='word_1_46' title='bbox 1920 731 2129 804; x_wconf 83' lang='lat' dir='ltr'>obtruncan-</span> 
     </span>
     <span class='ocr_line' id='line_1_6' title="bbox 589 820 2127 918; baseline 0.004 -25"><span class='ocrx_word' id='word_1_47' title='bbox 589 843 664 906; x_wconf 86' lang='lat' dir='ltr'>tm,</span> <span class='ocrx_word' id='word_1_48' title='bbox 689 823 901 906; x_wconf 88' lang='lat' dir='ltr'>moriuntur,</span> <span class='ocrx_word' id='word_1_49' title='bbox 935 839 977 892; x_wconf 88' lang='lat' dir='ltr'>an</span> <span class='ocrx_word' id='word_1_50' title='bbox 1001 824 1112 894; x_wconf 87' lang='lat' dir='ltr'>omnia</span> <span class='ocrx_word' id='word_1_51' title='bbox 1137 823 1233 894; x_wconf 85' lang='lat' dir='ltr'>obvia</span> <span class='ocrx_word' id='word_1_52' title='bbox 1256 820 1433 908; x_wconf 84' lang='lat' dir='ltr'>animalia,</span> <span class='ocrx_word' id='word_1_53' title='bbox 1472 827 1591 918; x_wconf 86' lang='lat' dir='ltr'>quibus</span> <span class='ocrx_word' id='word_1_54' title='bbox 1612 823 1687 895; x_wconf 84' lang='lat' dir='ltr'>ense</span> <span class='ocrx_word' id='word_1_55' title='bbox 1709 844 1874 896; x_wconf 87' lang='lat' dir='ltr'>tnrncatur</span> <span class='ocrx_word' id='word_1_56' title='bbox 1892 847 2024 918; x_wconf 88' lang='lat' dir='ltr'>caput,</span> <span class='ocrx_word' id='word_1_57' title='bbox 2055 851 2127 900; x_wconf 89' lang='lat' dir='ltr'>mo-</span> 
     </span>
     <span class='ocr_line' id='line_1_7' title="bbox 587 916 2126 1076; baseline 0.006 -85"><span class='ocrx_word' id='word_1_58' title='bbox 587 917 739 992; x_wconf 74' lang='lat' dir='ltr'>riemur?</span> <span class='ocrx_word' id='word_1_59' title='bbox 764 916 797 988; x_wconf 87' lang='lat' dir='ltr'>id</span> <span class='ocrx_word' id='word_1_60' title='bbox 813 919 855 988; x_wconf 79' lang='lat' dir='ltr'>&#39;in</span> <span class='ocrx_word' id='word_1_61' title='bbox 877 917 987 990; x_wconf 88' lang='lat' dir='ltr'>multis</span> <span class='ocrx_word' id='word_1_62' title='bbox 1012 918 1222 1005; x_wconf 82' lang='lat' dir='ltr'>animalibus,</span> <span class='ocrx_word' id='word_1_63' title='bbox 1248 921 1295 989; x_wconf 89' lang='lat' dir='ltr'>uti</span> <span class='ocrx_word' id='word_1_64' title='bbox 1307 921 1341 990; x_wconf 92' lang='lat' dir='ltr'>in</span> <span class='ocrx_word' id='word_1_65' title='bbox 1353 917 1486 1076; x_wconf 57' lang='lat' dir='ltr'>polygis</span> <span class='ocrx_word' id='word_1_66' title='bbox 1510 917 1722 1009; x_wconf 81' lang='lat' dir='ltr'>aquanirbas,</span> <span class='ocrx_word' id='word_1_67' title='bbox 1745 919 1901 1015; x_wconf 82' lang='lat' dir='ltr'>aliisque,</span> <span class='ocrx_word' id='word_1_68' title='bbox 1927 945 2040 998; x_wconf 83' lang='lat' dir='ltr'>verum</span> <span class='ocrx_word' id='word_1_69' title='bbox 2057 946 2126 1000; x_wconf 89' lang='lat' dir='ltr'>non</span> 
     </span>
     <span class='ocr_line' id='line_1_8' title="bbox 592 1012 2126 1112; baseline 0.007 -28"><span class='ocrx_word' id='word_1_70' title='bbox 592 1014 656 1084; x_wconf 78' lang='lat' dir='ltr'>effe</span> <span class='ocrx_word' id='word_1_71' title='bbox 678 1015 841 1084; x_wconf 86' lang='lat' dir='ltr'>hodierno</span> <span class='ocrx_word' id='word_1_72' title='bbox 863 1015 1068 1106; x_wconf 83' lang='lat' dir='ltr'>temporeab</span> <span class='ocrx_word' id='word_1_73' title='bbox 1091 1015 1288 1102; x_wconf 75' lang='lat' dir='ltr'>experientia</span> <span class='ocrx_word' id='word_1_74' title='bbox 1303 1013 1349 1080; x_wconf 86' lang='lat' dir='ltr'>est</span> <span class='ocrx_word' id='word_1_75' title='bbox 1369 1027 1431 1098; x_wconf 92' lang='lat' dir='ltr'>pro</span> <span class='ocrx_word' id='word_1_76' title='bbox 1454 1023 1555 1079; x_wconf 86' lang='lat' dir='ltr'>atum.</span> <span class='ocrx_word' id='word_1_77' title='bbox 1588 1012 1733 1102; x_wconf 84' lang='lat' dir='ltr'>Anquia</span> <span class='ocrx_word' id='word_1_78' title='bbox 1754 1019 1796 1084; x_wconf 82' lang='lat' dir='ltr'>ad</span> <span class='ocrx_word' id='word_1_79' title='bbox 1813 1022 2029 1112; x_wconf 76' lang='lat' dir='ltr'>propaganda</span> <span class='ocrx_word' id='word_1_80' title='bbox 2042 1023 2126 1094; x_wconf 93' lang='lat' dir='ltr'>mul·</span> 
     </span>
    </p>

    <p class='ocr_par' dir='ltr' id='par_1_3' title="bbox 585 1101 2125 1598">
     <span class='ocr_line' id='line_1_9' title="bbox 585 1101 2125 1206; baseline 0.005 -24"><span class='ocrx_word' id='word_1_81' title='bbox 585 1133 622 1182; x_wconf 82' lang='lat' dir='ltr'>aa</span> <span class='ocrx_word' id='word_1_82' title='bbox 638 1110 787 1195; x_wconf 83' lang='lat' dir='ltr'>anitnalia</span> <span class='ocrx_word' id='word_1_83' title='bbox 800 1114 1007 1206; x_wconf 88' lang='lat' dir='ltr'>requiruntur</span> <span class='ocrx_word' id='word_1_84' title='bbox 1031 1109 1099 1182; x_wconf 87' lang='lat' dir='ltr'>duo</span> <span class='ocrx_word' id='word_1_85' title='bbox 1114 1107 1205 1178; x_wconf 85' lang='lat' dir='ltr'>sexus</span> <span class='ocrx_word' id='word_1_86' title='bbox 1228 1101 1552 1193; x_wconf 75' lang='lat' dir='ltr'>Masatraemna,</span> <span class='ocrx_word' id='word_1_87' title='bbox 1575 1111 1802 1205; x_wconf 87' lang='lat' dir='ltr'>propagationi</span> <span class='ocrx_word' id='word_1_88' title='bbox 1819 1116 1967 1185; x_wconf 86' lang='lat' dir='ltr'>omnium</span> <span class='ocrx_word' id='word_1_89' title='bbox 1988 1117 2125 1190; x_wconf 68' lang='lat' dir='ltr'>inscito·</span> 
     </span>
     <span class='ocr_line' id='line_1_10' title="bbox 591 1201 2122 1310; baseline 0.003 -28"><span class='ocrx_word' id='word_1_90' title='bbox 591 1231 664 1282; x_wconf 90' lang='lat' dir='ltr'>rum</span> <span class='ocrx_word' id='word_1_91' title='bbox 682 1207 939 1284; x_wconf 69' lang='lat' dir='ltr'>netellarius&#39;est</span> <span class='ocrx_word' id='word_1_92' title='bbox 962 1207 1041 1281; x_wconf 87' lang='lat' dir='ltr'>Mas</span> <span class='ocrx_word' id='word_1_93' title='bbox 1058 1201 1279 1278; x_wconf 82' lang='lat' dir='ltr'>&amp;Faeminai</span> <span class='ocrx_word' id='word_1_94' title='bbox 1304 1203 1465 1292; x_wconf 88' lang='lat' dir='ltr'>minime,</span> <span class='ocrx_word' id='word_1_95' title='bbox 1493 1202 1573 1276; x_wconf 75' lang='lat' dir='ltr'>ium</span> <span class='ocrx_word' id='word_1_96' title='bbox 1595 1208 1682 1277; x_wconf 90' lang='lat' dir='ltr'>enim</span> <span class='ocrx_word' id='word_1_97' title='bbox 1708 1205 1862 1300; x_wconf 86' lang='lat' dir='ltr'>quaedam</span> <span class='ocrx_word' id='word_1_98' title='bbox 1890 1211 2122 1310; x_wconf 71' lang='lat' dir='ltr'>androgynae</span> 
     </span>
     <span class='ocr_line' id='line_1_11' title="bbox 592 1297 2123 1408; baseline 0.001 -25"><span class='ocrx_word' id='word_1_99' title='bbox 592 1307 665 1383; x_wconf 90' lang='lat' dir='ltr'>sunt</span> <span class='ocrx_word' id='word_1_100' title='bbox 686 1311 871 1408; x_wconf 81' lang='lat' dir='ltr'>quaedam,</span> <span class='ocrx_word' id='word_1_101' title='bbox 894 1306 1015 1382; x_wconf 88' lang='lat' dir='ltr'>etiamli</span> <span class='ocrx_word' id='word_1_102' title='bbox 1037 1297 1336 1388; x_wconf 82' lang='lat' dir='ltr'>modofaemellae,</span> <span class='ocrx_word' id='word_1_103' title='bbox 1359 1299 1480 1394; x_wconf 82' lang='lat' dir='ltr'>absque</span> <span class='ocrx_word' id='word_1_104' title='bbox 1493 1305 1595 1376; x_wconf 84' lang='lat' dir='ltr'>maris</span> <span class='ocrx_word' id='word_1_105' title='bbox 1616 1301 1788 1402; x_wconf 83' lang='lat' dir='ltr'>congtelln</span> <span class='ocrx_word' id='word_1_106' title='bbox 1802 1305 1844 1377; x_wconf 90' lang='lat' dir='ltr'>ad</span> <span class='ocrx_word' id='word_1_107' title='bbox 1859 1310 2006 1398; x_wconf 82' lang='lat' dir='ltr'>quintam</span> <span class='ocrx_word' id='word_1_108' title='bbox 2016 1312 2123 1404; x_wconf 83' lang='lat' dir='ltr'>usque</span> 
     </span>
     <span class='ocr_line' id='line_1_12' title="bbox 592 1396 2124 1507; baseline -0.001 -26"><span class='ocrx_word' id='word_1_109' title='bbox 592 1412 788 1507; x_wconf 87' lang='lat' dir='ltr'>progeniem</span> <span class='ocrx_word' id='word_1_110' title='bbox 807 1407 983 1481; x_wconf 81' lang='lat' dir='ltr'>faecundae.</span> <span class='ocrx_word' id='word_1_111' title='bbox 1031 1401 1088 1470; x_wconf 86' lang='lat' dir='ltr'>An</span> <span class='ocrx_word' id='word_1_112' title='bbox 1105 1401 1182 1490; x_wconf 92' lang='lat' dir='ltr'>quia</span> <span class='ocrx_word' id='word_1_113' title='bbox 1204 1400 1238 1470; x_wconf 92' lang='lat' dir='ltr'>in</span> <span class='ocrx_word' id='word_1_114' title='bbox 1269 1396 1508 1471; x_wconf 60' lang='lat' dir='ltr'>omnibus‘fare</span> <span class='ocrx_word' id='word_1_115' title='bbox 1528 1399 1647 1494; x_wconf 91' lang='lat' dir='ltr'>plantis</span> <span class='ocrx_word' id='word_1_116' title='bbox 1670 1405 1750 1474; x_wconf 90' lang='lat' dir='ltr'>rami</span> <span class='ocrx_word' id='word_1_117' title='bbox 1771 1406 1805 1476; x_wconf 90' lang='lat' dir='ltr'>in</span> <span class='ocrx_word' id='word_1_118' title='bbox 1829 1404 2124 1496; x_wconf 75' lang='lat' dir='ltr'>ahunrcreicunt,</span> 
     </span>
     <span class='ocr_line' id='line_1_13' title="bbox 586 1494 2124 1598; baseline -0.001 -19"><span class='ocrx_word' id='word_1_119' title='bbox 586 1527 664 1580; x_wconf 84' lang='lat' dir='ltr'>non</span> <span class='ocrx_word' id='word_1_120' title='bbox 689 1528 805 1579; x_wconf 81' lang='lat' dir='ltr'>terrem</span> <span class='ocrx_word' id='word_1_121' title='bbox 821 1500 947 1584; x_wconf 81' lang='lat' dir='ltr'>uersus,</span> <span class='ocrx_word' id='word_1_122' title='bbox 967 1497 1067 1570; x_wconf 83' lang='lat' dir='ltr'>etiam</span> <span class='ocrx_word' id='word_1_123' title='bbox 1089 1494 1191 1570; x_wconf 86' lang='lat' dir='ltr'>viscus</span> <span class='ocrx_word' id='word_1_124' title='bbox 1217 1499 1410 1590; x_wconf 83' lang='lat' dir='ltr'>quercinum</span> <span class='ocrx_word' id='word_1_125' title='bbox 1428 1499 1463 1570; x_wconf 90' lang='lat' dir='ltr'>in</span> <span class='ocrx_word' id='word_1_126' title='bbox 1485 1497 1586 1571; x_wconf 87' lang='lat' dir='ltr'>altum</span> <span class='ocrx_word' id='word_1_127' title='bbox 1605 1498 1795 1572; x_wconf 69' lang='lat' dir='ltr'>excrescet?</span> <span class='ocrx_word' id='word_1_128' title='bbox 1828 1501 1942 1574; x_wconf 84' lang='lat' dir='ltr'>docuit</span> <span class='ocrx_word' id='word_1_129' title='bbox 1954 1510 2124 1598; x_wconf 77' lang='lat' dir='ltr'>experien-</span> 
     </span>
    </p>

    <p class='ocr_par' dir='ltr' id='par_1_4' title="bbox 583 1595 2278 1985">
     <span class='ocr_line' id='line_1_14' title="bbox 583 1595 2125 1695; baseline -0.004 -23"><span class='ocrx_word' id='word_1_130' title='bbox 583 1607 635 1680; x_wconf 79' lang='lat' dir='ltr'>,ria</span> <span class='ocrx_word' id='word_1_131' title='bbox 657 1602 725 1674; x_wconf 87' lang='lat' dir='ltr'>hoe</span> <span class='ocrx_word' id='word_1_132' title='bbox 740 1601 841 1672; x_wconf 83' lang='lat' dir='ltr'>uiscus</span> <span class='ocrx_word' id='word_1_133' title='bbox 854 1595 1050 1672; x_wconf 78' lang='lat' dir='ltr'>crescere&#39;ln</span> <span class='ocrx_word' id='word_1_134' title='bbox 1063 1615 1205 1668; x_wconf 85' lang='lat' dir='ltr'>omnem</span> <span class='ocrx_word' id='word_1_135' title='bbox 1223 1595 1347 1683; x_wconf 85' lang='lat' dir='ltr'>litum,</span> <span class='ocrx_word' id='word_1_136' title='bbox 1381 1617 1479 1688; x_wconf 90' lang='lat' dir='ltr'>quem</span> <span class='ocrx_word' id='word_1_137' title='bbox 1499 1595 1589 1668; x_wconf 88' lang='lat' dir='ltr'>casos</span> <span class='ocrx_word' id='word_1_138' title='bbox 1613 1595 1710 1670; x_wconf 88' lang='lat' dir='ltr'>offert</span> <span class='ocrx_word' id='word_1_139' title='bbox 1734 1597 1822 1695; x_wconf 71' lang='lat' dir='ltr'>(n).</span> <span class='ocrx_word' id='word_1_140' title='bbox 1872 1597 2027 1690; x_wconf 84' lang='lat' dir='ltr'>Hyemali</span> <span class='ocrx_word' id='word_1_141' title='bbox 2041 1624 2125 1676; x_wconf 64' lang='lat' dir='ltr'>tem,</span> 
     </span>
     <span class='ocr_line' id='line_1_15' title="bbox 588 1689 2125 1800; baseline 0.004 -34"><span class='ocrx_word' id='word_1_142' title='bbox 588 1713 695 1792; x_wconf 88' lang='lat' dir='ltr'>pore,</span> <span class='ocrx_word' id='word_1_143' title='bbox 717 1696 870 1770; x_wconf 86' lang='lat' dir='ltr'>saeviente</span> <span class='ocrx_word' id='word_1_144' title='bbox 883 1689 997 1786; x_wconf 86' lang='lat' dir='ltr'>aspero</span> <span class='ocrx_word' id='word_1_145' title='bbox 1018 1693 1117 1790; x_wconf 90' lang='lat' dir='ltr'>gelu,</span> <span class='ocrx_word' id='word_1_146' title='bbox 1140 1693 1368 1770; x_wconf 78' lang='lat' dir='ltr'>nonctescunt</span> <span class='ocrx_word' id='word_1_147' title='bbox 1382 1693 1526 1786; x_wconf 68' lang='lat' dir='ltr'>plantant</span> <span class='ocrx_word' id='word_1_148' title='bbox 1545 1691 1598 1764; x_wconf 90' lang='lat' dir='ltr'>sed</span> <span class='ocrx_word' id='word_1_149' title='bbox 1611 1697 1757 1790; x_wconf 80' lang='lat' dir='ltr'>agurictu</span> <span class='ocrx_word' id='word_1_150' title='bbox 1773 1695 2044 1800; x_wconf 84' lang='lat' dir='ltr'>cresoerepcrgit.</span> <span class='ocrx_word' id='word_1_151' title='bbox 2069 1700 2125 1772; x_wconf 78' lang='lat' dir='ltr'>Era</span> 
     </span>
     <span class='ocr_line' id='line_1_16' title="bbox 589 1789 2278 1893; baseline 0.004 -31"><span class='ocrx_word' id='word_1_152' title='bbox 589 1793 710 1882; x_wconf 90' lang='lat' dir='ltr'>quibus</span> <span class='ocrx_word' id='word_1_153' title='bbox 724 1812 814 1885; x_wconf 88' lang='lat' dir='ltr'>patet</span> <span class='ocrx_word' id='word_1_154' title='bbox 827 1789 879 1862; x_wconf 85' lang='lat' dir='ltr'>vel</span> <span class='ocrx_word' id='word_1_155' title='bbox 899 1812 991 1880; x_wconf 90' lang='lat' dir='ltr'>non,</span> <span class='ocrx_word' id='word_1_156' title='bbox 1018 1791 1070 1862; x_wconf 89' lang='lat' dir='ltr'>vel</span> <span class='ocrx_word' id='word_1_157' title='bbox 1092 1791 1313 1882; x_wconf 80' lang='lat' dir='ltr'>parciffmrein</span> <span class='ocrx_word' id='word_1_158' title='bbox 1331 1791 1423 1863; x_wconf 85' lang='lat' dir='ltr'>usum</span> <span class='ocrx_word' id='word_1_159' title='bbox 1436 1791 1618 1865; x_wconf 84' lang='lat' dir='ltr'>vocandam</span> <span class='ocrx_word' id='word_1_160' title='bbox 1641 1789 1705 1862; x_wconf 87' lang='lat' dir='ltr'>elle</span> <span class='ocrx_word' id='word_1_161' title='bbox 1725 1791 1923 1892; x_wconf 81' lang='lat' dir='ltr'>Analogiam</span> <span class='ocrx_word' id='word_1_162' title='bbox 1941 1815 1958 1866; x_wconf 82' lang='lat' dir='ltr'>a·</span> <span class='ocrx_word' id='word_1_163' title='bbox 1978 1799 2029 1866; x_wconf 85' lang='lat' dir='ltr'>uti</span> <span class='ocrx_word' id='word_1_164' title='bbox 2043 1793 2125 1893; x_wconf 69' lang='lat' dir='ltr'>prul</span> <span class='ocrx_word' id='word_1_165' title='bbox 2276 1884 2278 1893; x_wconf 33' lang='grc' dir='ltr'>Ι</span> 
     </span>
     <span class='ocr_line' id='line_1_17' title="bbox 586 1887 1377 1985; baseline -0.003 -21"><span class='ocrx_word' id='word_1_166' title='bbox 586 1887 769 1964; x_wconf 86' lang='lat' dir='ltr'>dentilllme</span> <span class='ocrx_word' id='word_1_167' title='bbox 787 1891 884 1960; x_wconf 90' lang='lat' dir='ltr'>etiam</span> <span class='ocrx_word' id='word_1_168' title='bbox 905 1890 1034 1960; x_wconf 87' lang='lat' dir='ltr'>monuit</span> <span class='ocrx_word' id='word_1_169' title='bbox 1049 1887 1263 1961; x_wconf 85' lang='lat' dir='ltr'>Needhanrus</span> <span class='ocrx_word' id='word_1_170' title='bbox 1284 1891 1304 1985; x_wconf 94' lang='lat'>(</span> <span class='ocrx_word' id='word_1_171' title='bbox 1343 1890 1377 1984; x_wconf 86' lang='lat'>).</span> 
     </span>
    </p>
   </div>
   <div class='ocr_carea' id='block_1_3' title="bbox 549 2001 2205 4315">
    <p class='ocr_par' dir='ltr' id='par_1_5' title="bbox 583 2001 2123 2680">
     <span class='ocr_line' id='line_1_18' title="bbox 638 2001 2121 2104; baseline 0.005 -30"><span class='ocrx_word' id='word_1_172' title='bbox 638 2001 849 2100; x_wconf 77' lang='lat' dir='ltr'><strong>§.XXXIX</strong></span> <span class='ocrx_word' id='word_1_173' title='bbox 869 2001 1001 2076; x_wconf 84' lang='lat' dir='ltr'>Utilitas</span> <span class='ocrx_word' id='word_1_174' title='bbox 1012 2003 1159 2095; x_wconf 83' lang='lat' dir='ltr'>Phylicae</span> <span class='ocrx_word' id='word_1_175' title='bbox 1167 2005 1213 2076; x_wconf 91' lang='lat' dir='ltr'>est</span> <span class='ocrx_word' id='word_1_176' title='bbox 1223 2007 1338 2102; x_wconf 82' lang='lat' dir='ltr'>ingens</span> <span class='ocrx_word' id='word_1_177' title='bbox 1352 2007 1385 2077; x_wconf 90' lang='lat' dir='ltr'>in</span> <span class='ocrx_word' id='word_1_178' title='bbox 1400 2009 1478 2080; x_wconf 83' lang='lat' dir='ltr'>vitae</span> <span class='ocrx_word' id='word_1_179' title='bbox 1491 2005 1645 2082; x_wconf 84' lang='lat' dir='ltr'>humanat</span> <span class='ocrx_word' id='word_1_180' title='bbox 1663 2005 1849 2082; x_wconf 85' lang='lat' dir='ltr'>commodis</span> <span class='ocrx_word' id='word_1_181' title='bbox 1863 2008 2064 2082; x_wconf 83' lang='lat' dir='ltr'>inveniendis</span> <span class='ocrx_word' id='word_1_182' title='bbox 2084 2005 2121 2104; x_wconf 73' lang='grc' dir='ltr'>ὅς</span> 
     </span>
     <span class='ocr_line' id='line_1_19' title="bbox 587 2101 2121 2199; baseline 0.005 -27"><span class='ocrx_word' id='word_1_183' title='bbox 587 2101 841 2193; x_wconf 91' lang='lat' dir='ltr'>promovendis,</span> <span class='ocrx_word' id='word_1_184' title='bbox 867 2103 914 2171; x_wconf 91' lang='lat' dir='ltr'>uti</span> <span class='ocrx_word' id='word_1_185' title='bbox 934 2101 1120 2198; x_wconf 75' lang='lat' dir='ltr'>vulgaribus</span> <span class='ocrx_word' id='word_1_186' title='bbox 1144 2104 1301 2198; x_wconf 88' lang='lat' dir='ltr'>exemplis</span> <span class='ocrx_word' id='word_1_187' title='bbox 1317 2125 1358 2174; x_wconf 88' lang='lat' dir='ltr'>cx</span> <span class='ocrx_word' id='word_1_188' title='bbox 1377 2126 1483 2178; x_wconf 91' lang='lat' dir='ltr'>rerum</span> <span class='ocrx_word' id='word_1_189' title='bbox 1510 2105 1721 2199; x_wconf 90' lang='lat' dir='ltr'>pretiosarum</span> <span class='ocrx_word' id='word_1_190' title='bbox 1737 2105 1931 2196; x_wconf 86' lang='lat' dir='ltr'>utiliumque</span> <span class='ocrx_word' id='word_1_191' title='bbox 1950 2105 2121 2179; x_wconf 80' lang='lat' dir='ltr'>conserua·</span> 
     </span>
     <span class='ocr_line' id='line_1_20' title="bbox 586 2196 2122 2304; baseline 0.004 -35"><span class='ocrx_word' id='word_1_192' title='bbox 586 2200 678 2269; x_wconf 81' lang='lat' dir='ltr'>tione</span> <span class='ocrx_word' id='word_1_193' title='bbox 691 2199 800 2292; x_wconf 86' lang='lat' dir='ltr'>petitis</span> <span class='ocrx_word' id='word_1_194' title='bbox 814 2196 910 2269; x_wconf 87' lang='lat' dir='ltr'>facilc</span> <span class='ocrx_word' id='word_1_195' title='bbox 924 2201 1117 2289; x_wconf 82' lang='lat' dir='ltr'>probamus:</span> <span class='ocrx_word' id='word_1_196' title='bbox 1143 2199 1269 2304; x_wconf 87' lang='lat' dir='ltr'>Magna</span> <span class='ocrx_word' id='word_1_197' title='bbox 1286 2204 1374 2274; x_wconf 91' lang='lat' dir='ltr'>enim</span> <span class='ocrx_word' id='word_1_198' title='bbox 1389 2201 1556 2300; x_wconf 86' lang='lat' dir='ltr'>diligentia</span> <span class='ocrx_word' id='word_1_199' title='bbox 1575 2206 1685 2275; x_wconf 91' lang='lat' dir='ltr'>omnia</span> <span class='ocrx_word' id='word_1_200' title='bbox 1698 2202 1963 2276; x_wconf 87' lang='lat' dir='ltr'>vestimemorum</span> <span class='ocrx_word' id='word_1_201' title='bbox 1986 2199 2122 2295; x_wconf 88' lang='lat' dir='ltr'>&amp;pan-</span> 
     </span>
     <span class='ocr_line' id='line_1_21' title="bbox 584 2294 2122 2390; baseline 0.001 -21"><span class='ocrx_word' id='word_1_202' title='bbox 584 2315 705 2369; x_wconf 90' lang='lat' dir='ltr'>norum</span> <span class='ocrx_word' id='word_1_203' title='bbox 745 2315 841 2366; x_wconf 88' lang='lat' dir='ltr'>enera</span> <span class='ocrx_word' id='word_1_204' title='bbox 854 2294 1136 2385; x_wconf 81' lang='lat' dir='ltr'>adversastiners,</span> <span class='ocrx_word' id='word_1_205' title='bbox 1160 2319 1294 2384; x_wconf 81' lang='lat' dir='ltr'>scaros,</span> <span class='ocrx_word' id='word_1_206' title='bbox 1318 2298 1599 2386; x_wconf 81' lang='lat' dir='ltr'>aliaveanimalia,</span> <span class='ocrx_word' id='word_1_207' title='bbox 1625 2295 1798 2382; x_wconf 79' lang='lat' dir='ltr'>&amp;cariem</span> <span class='ocrx_word' id='word_1_208' title='bbox 1814 2300 1936 2384; x_wconf 85' lang='lat' dir='ltr'>servare</span> <span class='ocrx_word' id='word_1_209' title='bbox 1951 2303 2122 2390; x_wconf 80' lang='lat' dir='ltr'>cupimusr</span> 
     </span>
     <span class='ocr_line' id='line_1_22' title="bbox 584 2389 2123 2491; baseline 0.001 -28"><span class='ocrx_word' id='word_1_210' title='bbox 584 2389 622 2464; x_wconf 90' lang='lat' dir='ltr'>id</span> <span class='ocrx_word' id='word_1_211' title='bbox 635 2413 706 2484; x_wconf 88' lang='lat' dir='ltr'>prae</span> <span class='ocrx_word' id='word_1_212' title='bbox 755 2393 981 2465; x_wconf 76' lang='lat' dir='ltr'>richmarum</span> <span class='ocrx_word' id='word_1_213' title='bbox 1003 2394 1081 2466; x_wconf 88' lang='lat' dir='ltr'>oleo</span> <span class='ocrx_word' id='word_1_214' title='bbox 1095 2395 1232 2465; x_wconf 87' lang='lat' dir='ltr'>cedrino</span> <span class='ocrx_word' id='word_1_215' title='bbox 1247 2395 1324 2491; x_wconf 79' lang='lat' dir='ltr'>(r)</span> <span class='ocrx_word' id='word_1_216' title='bbox 1349 2393 1401 2464; x_wconf 89' lang='lat' dir='ltr'>vel</span> <span class='ocrx_word' id='word_1_217' title='bbox 1424 2395 1672 2465; x_wconf 81' lang='lat' dir='ltr'>Terebinthinae</span> <span class='ocrx_word' id='word_1_218' title='bbox 1701 2394 1875 2463; x_wconf 83' lang='lat' dir='ltr'>obliturum</span> <span class='ocrx_word' id='word_1_219' title='bbox 1899 2396 2090 2484; x_wconf 73' lang='lat' dir='ltr'>interpositu</span> <span class='ocrx_word' id='word_1_220' title='bbox 2110 2447 2123 2482; x_wconf 94' lang='lat'>,</span> 
     </span>
     <span class='ocr_line' id='line_1_23' title="bbox 583 2487 2123 2584; baseline -0.001 -20"><span class='ocrx_word' id='word_1_221' title='bbox 583 2489 640 2564; x_wconf 77' lang='lat' dir='ltr'>nel</span> <span class='ocrx_word' id='word_1_222' title='bbox 656 2489 737 2562; x_wconf 90' lang='lat' dir='ltr'>corii</span> <span class='ocrx_word' id='word_1_223' title='bbox 759 2490 846 2559; x_wconf 91' lang='lat' dir='ltr'>rubri</span> <span class='ocrx_word' id='word_1_224' title='bbox 866 2489 994 2578; x_wconf 81' lang='lat' dir='ltr'>pntlhci</span> <span class='ocrx_word' id='word_1_225' title='bbox 1010 2493 1114 2584; x_wconf 83' lang='lat' dir='ltr'>gravis</span> <span class='ocrx_word' id='word_1_226' title='bbox 1128 2491 1267 2573; x_wconf 88' lang='lat' dir='ltr'>odoris,</span> <span class='ocrx_word' id='word_1_227' title='bbox 1292 2489 1345 2558; x_wconf 90' lang='lat' dir='ltr'>vel</span> <span class='ocrx_word' id='word_1_228' title='bbox 1362 2487 1489 2566; x_wconf 87' lang='lat' dir='ltr'>velleris</span> <span class='ocrx_word' id='word_1_229' title='bbox 1503 2489 1643 2574; x_wconf 80' lang='lat' dir='ltr'>omum,</span> <span class='ocrx_word' id='word_1_230' title='bbox 1662 2507 1739 2566; x_wconf 75' lang='lat' dir='ltr'>tum</span> <span class='ocrx_word' id='word_1_231' title='bbox 1755 2487 2012 2564; x_wconf 76' lang='lat' dir='ltr'>firmo-ardentis</span> <span class='ocrx_word' id='word_1_232' title='bbox 2032 2511 2123 2565; x_wconf 86' lang='lat' dir='ltr'>cam·</span> 
     </span>
     <span class='ocr_line' id='line_1_24' title="bbox 583 2581 1545 2680; baseline -0.004 -24"><span class='ocrx_word' id='word_1_233' title='bbox 583 2587 706 2680; x_wconf 83' lang='lat' dir='ltr'>phorae</span> <span class='ocrx_word' id='word_1_234' title='bbox 734 2581 816 2678; x_wconf 78' lang='lat' dir='ltr'>(d)</span> <span class='ocrx_word' id='word_1_235' title='bbox 842 2583 884 2654; x_wconf 93' lang='lat' dir='ltr'>ab</span> <span class='ocrx_word' id='word_1_236' title='bbox 902 2586 1101 2675; x_wconf 86' lang='lat' dir='ltr'>experientia</span> <span class='ocrx_word' id='word_1_237' title='bbox 1116 2584 1280 2653; x_wconf 67' lang='lat' dir='ltr'>detectum</span> <span class='ocrx_word' id='word_1_238' title='bbox 1301 2583 1359 2652; x_wconf 87' lang='lat' dir='ltr'>est.</span> <span class='ocrx_word' id='word_1_239' title='bbox 1539 2592 1545 2602; x_wconf 79' lang='grc'><em>’</em></span> 
     </span>
    </p>

    <p class='ocr_par' dir='ltr' id='par_1_6' title="bbox 549 2675 2205 3920">
     <span class='ocr_line' id='line_1_25' title="bbox 589 2675 2124 2780; baseline 0.004 -27"><span class='ocrx_word' id='word_1_240' title='bbox 589 2728 594 2737; x_wconf 88' lang='grc'>-</span> <span class='ocrx_word' id='word_1_241' title='bbox 635 2675 843 2754; x_wconf 87' lang='lat' dir='ltr'>Termites&amp;</span> <span class='ocrx_word' id='word_1_242' title='bbox 857 2679 971 2750; x_wconf 88' lang='lat' dir='ltr'>teredo</span> <span class='ocrx_word' id='word_1_243' title='bbox 993 2701 1013 2749; x_wconf 87' lang='lat' dir='ltr'>a</span> <span class='ocrx_word' id='word_1_244' title='bbox 1030 2679 1121 2774; x_wconf 86' lang='lat' dir='ltr'>ligno</span> <span class='ocrx_word' id='word_1_245' title='bbox 1137 2699 1287 2749; x_wconf 87' lang='lat' dir='ltr'>arcentur</span> <span class='ocrx_word' id='word_1_246' title='bbox 1297 2678 1589 2768; x_wconf 83' lang='lat' dir='ltr'>‚quandoiilmitur</span> <span class='ocrx_word' id='word_1_247' title='bbox 1605 2677 1782 2754; x_wconf 90' lang='lat' dir='ltr'>Vitriolum</span> <span class='ocrx_word' id='word_1_248' title='bbox 1794 2703 1873 2754; x_wconf 85' lang='lat' dir='ltr'>cunr</span> <span class='ocrx_word' id='word_1_249' title='bbox 1887 2681 1957 2755; x_wconf 86' lang='lat' dir='ltr'>aliis</span> <span class='ocrx_word' id='word_1_250' title='bbox 1970 2687 2124 2780; x_wconf 83' lang='lat' dir='ltr'>pigmen·</span> 
     </span>
     <span class='ocr_line' id='line_1_26' title="bbox 549 2771 2205 2871; baseline 0.004 -20"><span class='ocrx_word' id='word_1_251' title='bbox 549 2825 557 2838; x_wconf 90' lang='lat'><strong>·</strong></span> <span class='ocrx_word' id='word_1_252' title='bbox 583 2781 626 2852; x_wconf 87' lang='lat' dir='ltr'>tis</span> <span class='ocrx_word' id='word_1_253' title='bbox 645 2781 808 2864; x_wconf 84' lang='lat' dir='ltr'>mixtum,</span> <span class='ocrx_word' id='word_1_254' title='bbox 832 2796 888 2848; x_wconf 86' lang='lat' dir='ltr'>eut</span> <span class='ocrx_word' id='word_1_255' title='bbox 904 2774 1006 2848; x_wconf 87' lang='lat' dir='ltr'>viride</span> <span class='ocrx_word' id='word_1_256' title='bbox 1020 2777 1128 2863; x_wconf 87' lang='lat' dir='ltr'>-aeris,</span> <span class='ocrx_word' id='word_1_257' title='bbox 1152 2773 1205 2846; x_wconf 86' lang='lat' dir='ltr'>vel</span> <span class='ocrx_word' id='word_1_258' title='bbox 1229 2771 1375 2870; x_wconf 85' lang='lat' dir='ltr'>Lignum</span> <span class='ocrx_word' id='word_1_259' title='bbox 1394 2777 1548 2866; x_wconf 85' lang='lat' dir='ltr'>pientur,</span> <span class='ocrx_word' id='word_1_260' title='bbox 1580 2797 1635 2850; x_wconf 87' lang='lat' dir='ltr'>aut</span> <span class='ocrx_word' id='word_1_261' title='bbox 1660 2777 1834 2851; x_wconf 89' lang='lat' dir='ltr'>obduclmr</span> <span class='ocrx_word' id='word_1_262' title='bbox 1855 2779 1944 2852; x_wconf 87' lang='lat' dir='ltr'>Oleo</span> <span class='ocrx_word' id='word_1_263' title='bbox 1970 2780 2120 2871; x_wconf 82' lang='lat' dir='ltr'>Terrae,</span> <span class='ocrx_word' id='word_1_264' title='bbox 2192 2803 2205 2822; x_wconf 65' lang='lat'>⁸</span> 
     </span>
     <span class='ocr_line' id='line_1_27' title="bbox 582 2869 2120 2971; baseline 0.004 -22"><span class='ocrx_word' id='word_1_265' title='bbox 582 2874 637 2950; x_wconf 85' lang='lat' dir='ltr'>vel</span> <span class='ocrx_word' id='word_1_266' title='bbox 652 2875 790 2954; x_wconf 85' lang='lat' dir='ltr'>servatur</span> <span class='ocrx_word' id='word_1_267' title='bbox 805 2873 861 2945; x_wconf 83' lang='lat' dir='ltr'>sub</span> <span class='ocrx_word' id='word_1_268' title='bbox 879 2893 974 2964; x_wconf 89' lang='lat' dir='ltr'>aqua.</span> <span class='ocrx_word' id='word_1_269' title='bbox 997 2869 1159 2944; x_wconf 76' lang='lat' dir='ltr'>Adversus</span> <span class='ocrx_word' id='word_1_270' title='bbox 1173 2870 1379 2963; x_wconf 87' lang='lat' dir='ltr'>putredinem</span> <span class='ocrx_word' id='word_1_271' title='bbox 1396 2893 1459 2944; x_wconf 82' lang='lat' dir='ltr'>ova</span> <span class='ocrx_word' id='word_1_272' title='bbox 1477 2877 1605 2960; x_wconf 90' lang='lat' dir='ltr'>avium,</span> <span class='ocrx_word' id='word_1_273' title='bbox 1634 2877 1668 2946; x_wconf 92' lang='lat' dir='ltr'>in</span> <span class='ocrx_word' id='word_1_274' title='bbox 1689 2877 1801 2968; x_wconf 87' lang='lat' dir='ltr'>primis</span> <span class='ocrx_word' id='word_1_275' title='bbox 1821 2877 2031 2971; x_wconf 86' lang='lat' dir='ltr'>gallinarum,</span> <span class='ocrx_word' id='word_1_276' title='bbox 2054 2881 2120 2956; x_wconf 84' lang='lat' dir='ltr'>ser-</span> 
     </span>
     <span class='ocr_line' id='line_1_28' title="bbox 582 2963 2120 3071; baseline 0.002 -25"><span class='ocrx_word' id='word_1_277' title='bbox 582 2993 659 3050; x_wconf 82' lang='lat' dir='ltr'>vare</span> <span class='ocrx_word' id='word_1_278' title='bbox 672 2993 795 3071; x_wconf 82' lang='lat' dir='ltr'>magno</span> <span class='ocrx_word' id='word_1_279' title='bbox 810 2967 1057 3043; x_wconf 75' lang='lat' dir='ltr'>laboretstuduit</span> <span class='ocrx_word' id='word_1_280' title='bbox 1074 2963 1324 3062; x_wconf 80' lang='lat' dir='ltr'>&amp;investigavit</span> <span class='ocrx_word' id='word_1_281' title='bbox 1334 2965 1430 3040; x_wconf 88' lang='lat' dir='ltr'>Nob.</span> <span class='ocrx_word' id='word_1_282' title='bbox 1447 2965 1686 3056; x_wconf 84' lang='lat' dir='ltr'>Renumurius‚</span> <span class='ocrx_word' id='word_1_283' title='bbox 1710 2969 1805 3063; x_wconf 88' lang='lat' dir='ltr'>cujus</span> <span class='ocrx_word' id='word_1_284' title='bbox 1816 2974 1948 3070; x_wconf 82' lang='lat' dir='ltr'>vestigia</span> <span class='ocrx_word' id='word_1_285' title='bbox 1964 2997 2120 3067; x_wconf 85' lang='lat' dir='ltr'>premens</span> 
     </span>
     <span class='ocr_line' id='line_1_29' title="bbox 582 3065 2121 3166; baseline 0.002 -22"><span class='ocrx_word' id='word_1_286' title='bbox 582 3071 811 3166; x_wconf 79' lang='lat' dir='ltr'>deprehendi,</span> <span class='ocrx_word' id='word_1_287' title='bbox 843 3066 903 3140; x_wconf 82' lang='lat' dir='ltr'>sub</span> <span class='ocrx_word' id='word_1_288' title='bbox 929 3065 1008 3137; x_wconf 88' lang='lat' dir='ltr'>oleo</span> <span class='ocrx_word' id='word_1_289' title='bbox 1032 3085 1180 3156; x_wconf 86' lang='lat' dir='ltr'>raparum</span> <span class='ocrx_word' id='word_1_290' title='bbox 1204 3085 1266 3135; x_wconf 86' lang='lat' dir='ltr'>ova</span> <span class='ocrx_word' id='word_1_291' title='bbox 1288 3084 1427 3154; x_wconf 84' lang='lat' dir='ltr'>quatuor</span> <span class='ocrx_word' id='word_1_292' title='bbox 1443 3085 1608 3134; x_wconf 85' lang='lat' dir='ltr'>annorum</span> <span class='ocrx_word' id='word_1_293' title='bbox 1633 3067 1767 3134; x_wconf 84' lang='lat' dir='ltr'>decursu</span> <span class='ocrx_word' id='word_1_294' title='bbox 1784 3073 1972 3141; x_wconf 82' lang='lat' dir='ltr'>recentibus</span> <span class='ocrx_word' id='word_1_295' title='bbox 1991 3076 2121 3147; x_wconf 83' lang='lat' dir='ltr'>aemula</span> 
     </span>
     <span class='ocr_line' id='line_1_30' title="bbox 582 3157 2120 3266; baseline -0.001 -24"><span class='ocrx_word' id='word_1_296' title='bbox 582 3168 749 3254; x_wconf 75' lang='lat' dir='ltr'>mamille,</span> <span class='ocrx_word' id='word_1_297' title='bbox 774 3187 850 3239; x_wconf 91' lang='lat' dir='ltr'>nam</span> <span class='ocrx_word' id='word_1_298' title='bbox 866 3163 961 3235; x_wconf 75' lang='lat' dir='ltr'>coda</span> <span class='ocrx_word' id='word_1_299' title='bbox 980 3165 1013 3233; x_wconf 89' lang='lat' dir='ltr'>in</span> <span class='ocrx_word' id='word_1_300' title='bbox 1033 3163 1132 3253; x_wconf 79' lang='lat' dir='ltr'>Aqua</span> <span class='ocrx_word' id='word_1_301' title='bbox 1148 3161 1358 3248; x_wconf 85' lang='lat' dir='ltr'>indurantur,</span> <span class='ocrx_word' id='word_1_302' title='bbox 1389 3157 1496 3232; x_wconf 73' lang='lat' dir='ltr'>stadio</span> <span class='ocrx_word' id='word_1_303' title='bbox 1520 3160 1631 3250; x_wconf 86' lang='lat' dir='ltr'>calyce</span> <span class='ocrx_word' id='word_1_304' title='bbox 1657 3163 1736 3232; x_wconf 93' lang='lat' dir='ltr'>boni</span> <span class='ocrx_word' id='word_1_305' title='bbox 1764 3160 1836 3232; x_wconf 92' lang='lat' dir='ltr'>sunt</span> <span class='ocrx_word' id='word_1_306' title='bbox 1855 3163 2017 3239; x_wconf 85' lang='lat' dir='ltr'>odoris&amp;</span> <span class='ocrx_word' id='word_1_307' title='bbox 2031 3177 2120 3266; x_wconf 85' lang='lat' dir='ltr'>grati</span> 
     </span>
     <span class='ocr_line' id='line_1_31' title="bbox 582 3253 2119 3355; baseline 0.001 -17"><span class='ocrx_word' id='word_1_308' title='bbox 582 3266 734 3355; x_wconf 77' lang='lat' dir='ltr'>saporist</span> <span class='ocrx_word' id='word_1_309' title='bbox 766 3263 823 3334; x_wconf 88' lang='lat' dir='ltr'>sub</span> <span class='ocrx_word' id='word_1_310' title='bbox 834 3259 917 3331; x_wconf 77' lang='lat' dir='ltr'>sebo</span> <span class='ocrx_word' id='word_1_311' title='bbox 936 3261 1060 3332; x_wconf 88' lang='lat' dir='ltr'>bovino</span> <span class='ocrx_word' id='word_1_312' title='bbox 1077 3257 1173 3329; x_wconf 76' lang='lat' dir='ltr'>citius</span> <span class='ocrx_word' id='word_1_313' title='bbox 1181 3257 1373 3349; x_wconf 87' lang='lat' dir='ltr'>putrescunt</span> <span class='ocrx_word' id='word_1_314' title='bbox 1387 3253 1422 3328; x_wconf 69' lang='grc' dir='ltr'><strong>ἃ</strong></span> <span class='ocrx_word' id='word_1_315' title='bbox 1436 3256 1573 3329; x_wconf 84' lang='lat' dir='ltr'>saetent:</span> <span class='ocrx_word' id='word_1_316' title='bbox 1599 3257 1656 3328; x_wconf 92' lang='lat' dir='ltr'>sub</span> <span class='ocrx_word' id='word_1_317' title='bbox 1674 3256 1752 3328; x_wconf 89' lang='lat' dir='ltr'>oleo</span> <span class='ocrx_word' id='word_1_318' title='bbox 1761 3255 1839 3328; x_wconf 82' lang='lat' dir='ltr'>Lini</span> <span class='ocrx_word' id='word_1_319' title='bbox 1854 3255 1890 3330; x_wconf 74' lang='grc' dir='ltr'>δι</span> <span class='ocrx_word' id='word_1_320' title='bbox 1906 3262 2119 3340; x_wconf 85' lang='lat' dir='ltr'>Terebinthi-</span> 
     </span>
     <span class='ocr_line' id='line_1_32' title="bbox 576 3351 2120 3451; baseline 0.002 -16"><span class='ocrx_word' id='word_1_321' title='bbox 576 3375 641 3435; x_wconf 76' lang='lat' dir='ltr'>mae</span> <span class='ocrx_word' id='word_1_322' title='bbox 657 3362 692 3430; x_wconf 89' lang='lat' dir='ltr'>in</span> <span class='ocrx_word' id='word_1_323' title='bbox 750 3377 817 3430; x_wconf 83' lang='lat' dir='ltr'>narn</span> <span class='ocrx_word' id='word_1_324' title='bbox 836 3356 1031 3434; x_wconf 83' lang='lat' dir='ltr'>contrahunt</span> <span class='ocrx_word' id='word_1_325' title='bbox 1045 3355 1190 3448; x_wconf 88' lang='lat' dir='ltr'>saporem</span> <span class='ocrx_word' id='word_1_326' title='bbox 1205 3351 1424 3441; x_wconf 66' lang='lat' dir='ltr'>desertorem,</span> <span class='ocrx_word' id='word_1_327' title='bbox 1448 3375 1484 3427; x_wconf 91' lang='lat' dir='ltr'>ut</span> <span class='ocrx_word' id='word_1_328' title='bbox 1498 3352 1626 3428; x_wconf 86' lang='lat' dir='ltr'>nauseae</span> <span class='ocrx_word' id='word_1_329' title='bbox 1641 3353 1700 3426; x_wconf 89' lang='lat' dir='ltr'>lint</span> <span class='ocrx_word' id='word_1_330' title='bbox 1722 3355 1890 3428; x_wconf 89' lang='lat' dir='ltr'>comesta:</span> <span class='ocrx_word' id='word_1_331' title='bbox 1927 3362 2120 3451; x_wconf 90' lang='lat' dir='ltr'>putrescunt</span> 
     </span>
     <span class='ocr_line' id='line_1_33' title="bbox 580 3449 2118 3552; baseline -0.003 -24"><span class='ocrx_word' id='word_1_332' title='bbox 580 3453 641 3530; x_wconf 87' lang='lat' dir='ltr'>sub</span> <span class='ocrx_word' id='word_1_333' title='bbox 702 3458 790 3542; x_wconf 83' lang='lat' dir='ltr'>uria,</span> <span class='ocrx_word' id='word_1_334' title='bbox 815 3454 872 3526; x_wconf 88' lang='lat' dir='ltr'>sub</span> <span class='ocrx_word' id='word_1_335' title='bbox 886 3451 1013 3539; x_wconf 76' lang='lat' dir='ltr'>·La6le,</span> <span class='ocrx_word' id='word_1_336' title='bbox 1037 3455 1071 3524; x_wconf 91' lang='lat' dir='ltr'>in</span> <span class='ocrx_word' id='word_1_337' title='bbox 1087 3452 1265 3524; x_wconf 85' lang='lat' dir='ltr'>emolfione</span> <span class='ocrx_word' id='word_1_338' title='bbox 1280 3449 1450 3542; x_wconf 83' lang='lat' dir='ltr'>Mymhae,</span> <span class='ocrx_word' id='word_1_339' title='bbox 1476 3455 1510 3524; x_wconf 88' lang='lat' dir='ltr'>in</span> <span class='ocrx_word' id='word_1_340' title='bbox 1530 3449 1634 3524; x_wconf 89' lang='lat' dir='ltr'>infuso</span> <span class='ocrx_word' id='word_1_341' title='bbox 1654 3450 1783 3540; x_wconf 79' lang='lat' dir='ltr'>Aroes,</span> <span class='ocrx_word' id='word_1_342' title='bbox 1817 3451 1952 3528; x_wconf 84' lang='lat' dir='ltr'>Raditis</span> <span class='ocrx_word' id='word_1_343' title='bbox 1974 3457 2118 3552; x_wconf 84' lang='lat' dir='ltr'>Serpen.</span> 
     </span>
     <span class='ocr_line' id='line_1_34' title="bbox 581 3549 2117 3650; baseline 0.003 -24"><span class='ocrx_word' id='word_1_344' title='bbox 581 3555 675 3626; x_wconf 83' lang='lat' dir='ltr'>tariae</span> <span class='ocrx_word' id='word_1_345' title='bbox 690 3550 914 3650; x_wconf 68' lang='lat' dir='ltr'>virginiana,</span> <span class='ocrx_word' id='word_1_346' title='bbox 938 3553 971 3622; x_wconf 91' lang='lat' dir='ltr'>in</span> <span class='ocrx_word' id='word_1_347' title='bbox 987 3550 1128 3622; x_wconf 70' lang='lat' dir='ltr'>decodio</span> <span class='ocrx_word' id='word_1_348' title='bbox 1141 3549 1286 3621; x_wconf 88' lang='lat' dir='ltr'>Corticis</span> <span class='ocrx_word' id='word_1_349' title='bbox 1305 3551 1493 3641; x_wconf 87' lang='lat' dir='ltr'>peruviani,</span> <span class='ocrx_word' id='word_1_350' title='bbox 1508 3568 1562 3621; x_wconf 88' lang='lat' dir='ltr'>aut</span> <span class='ocrx_word' id='word_1_351' title='bbox 1575 3569 1821 3638; x_wconf 63' lang='lat' dir='ltr'>contrairemus,</span> <span class='ocrx_word' id='word_1_352' title='bbox 1841 3573 1897 3624; x_wconf 88' lang='lat' dir='ltr'>aut</span> <span class='ocrx_word' id='word_1_353' title='bbox 1912 3553 2028 3628; x_wconf 84' lang='lat' dir='ltr'>Terrae</span> <span class='ocrx_word' id='word_1_354' title='bbox 2046 3557 2117 3632; x_wconf 91' lang='lat' dir='ltr'>Ca·</span> 
     </span>
     <span class='ocr_line' id='line_1_35' title="bbox 580 3644 2117 3745; baseline 0.001 -23"><span class='ocrx_word' id='word_1_355' title='bbox 580 3651 705 3730; x_wconf 79' lang='lat' dir='ltr'>techa:</span> <span class='ocrx_word' id='word_1_356' title='bbox 736 3651 822 3722; x_wconf 87' lang='lat' dir='ltr'>Cum</span> <span class='ocrx_word' id='word_1_357' title='bbox 836 3670 911 3722; x_wconf 90' lang='lat' dir='ltr'>cera</span> <span class='ocrx_word' id='word_1_358' title='bbox 932 3644 1005 3720; x_wconf 87' lang='lat' dir='ltr'>alba</span> <span class='ocrx_word' id='word_1_359' title='bbox 1021 3645 1218 3720; x_wconf 84' lang='lat' dir='ltr'>cralsruscule</span> <span class='ocrx_word' id='word_1_360' title='bbox 1232 3646 1427 3718; x_wconf 85' lang='lat' dir='ltr'>extrinsecus</span> <span class='ocrx_word' id='word_1_361' title='bbox 1442 3645 1489 3718; x_wconf 87' lang='lat' dir='ltr'>est</span> <span class='ocrx_word' id='word_1_362' title='bbox 1504 3645 1610 3730; x_wconf 89' lang='lat' dir='ltr'>allita,</span> <span class='ocrx_word' id='word_1_363' title='bbox 1632 3667 1709 3718; x_wconf 84' lang='lat' dir='ltr'>cera</span> <span class='ocrx_word' id='word_1_364' title='bbox 1728 3645 1848 3718; x_wconf 82' lang='lat' dir='ltr'>fissuras</span> <span class='ocrx_word' id='word_1_365' title='bbox 1870 3653 1937 3745; x_wconf 87' lang='lat' dir='ltr'>agit</span> <span class='ocrx_word' id='word_1_366' title='bbox 1958 3648 1994 3723; x_wconf 75' lang='lat' dir='ltr'>bt</span> <span class='ocrx_word' id='word_1_367' title='bbox 2012 3677 2117 3728; x_wconf 80' lang='lat' dir='ltr'>ovum</span> 
     </span>
     <span class='ocr_line' id='line_1_36' title="bbox 576 3741 2117 3842; baseline 0.002 -22"><span class='ocrx_word' id='word_1_368' title='bbox 576 3747 761 3842; x_wconf 84' lang='lat' dir='ltr'>putrescit:</span> <span class='ocrx_word' id='word_1_369' title='bbox 791 3748 877 3828; x_wconf 76' lang='lat' dir='ltr'>adeo</span> <span class='ocrx_word' id='word_1_370' title='bbox 890 3765 927 3826; x_wconf 87' lang='lat' dir='ltr'>ut</span> <span class='ocrx_word' id='word_1_371' title='bbox 945 3744 1012 3824; x_wconf 86' lang='lat' dir='ltr'>huc</span> <span class='ocrx_word' id='word_1_372' title='bbox 1035 3743 1255 3836; x_wconf 84' lang='lat' dir='ltr'>usquesolum</span> <span class='ocrx_word' id='word_1_373' title='bbox 1278 3765 1426 3836; x_wconf 80' lang='lat' dir='ltr'>raparum</span> <span class='ocrx_word' id='word_1_374' title='bbox 1448 3743 1561 3820; x_wconf 88' lang='lat' dir='ltr'>oleum</span> <span class='ocrx_word' id='word_1_375' title='bbox 1577 3741 1772 3820; x_wconf 82' lang='lat' dir='ltr'>laudandum</span> <span class='ocrx_word' id='word_1_376' title='bbox 1786 3743 1844 3818; x_wconf 77' lang='lat' dir='ltr'>dtr</span> <span class='ocrx_word' id='word_1_377' title='bbox 1869 3747 2037 3834; x_wconf 87' lang='lat' dir='ltr'>posteritas</span> <span class='ocrx_word' id='word_1_378' title='bbox 2050 3754 2117 3828; x_wconf 83' lang='lat' dir='ltr'>alia</span> 
     </span>
     <span class='ocr_line' id='line_1_37' title="bbox 605 3844 1537 3920; baseline 0 -2"><span class='ocrx_word' id='word_1_379' title='bbox 605 3844 715 3918; x_wconf 76' lang='lat' dir='ltr'>itidem</span> <span class='ocrx_word' id='word_1_380' title='bbox 729 3846 881 3920; x_wconf 88' lang='lat' dir='ltr'>inveniet.</span> <span class='ocrx_word' id='word_1_381' title='bbox 1532 3911 1537 3918; x_wconf 89' lang='lat'><em>.</em></span> 
     </span>
    </p>

    <p class='ocr_par' dir='ltr' id='par_1_7' title="bbox 573 3865 2115 4232">
     <span class='ocr_line' id='line_1_38' title="bbox 573 3865 2115 4036; baseline 0 -22"><span class='ocrx_word' id='word_1_382' title='bbox 573 3865 605 3939; x_wconf 56' lang='lat' dir='ltr'>&#39;q</span> <span class='ocrx_word' id='word_1_383' title='bbox 628 3941 907 4031; x_wconf 80' lang='lat' dir='ltr'>Antisepticorum</span> <span class='ocrx_word' id='word_1_384' title='bbox 918 3939 1083 4032; x_wconf 85' lang='lat' dir='ltr'>indagatio</span> <span class='ocrx_word' id='word_1_385' title='bbox 1104 3939 1213 4030; x_wconf 84' lang='lat' dir='ltr'>magni</span> <span class='ocrx_word' id='word_1_386' title='bbox 1228 3934 1274 4005; x_wconf 90' lang='lat' dir='ltr'>est</span> <span class='ocrx_word' id='word_1_387' title='bbox 1289 3938 1473 4021; x_wconf 89' lang='lat' dir='ltr'>momenti,</span> <span class='ocrx_word' id='word_1_388' title='bbox 1498 3955 1684 4023; x_wconf 79' lang='lat' dir='ltr'>meumes,</span> <span class='ocrx_word' id='word_1_389' title='bbox 1715 3935 1818 4028; x_wconf 50' lang='lat' dir='ltr'>¹piscus</span> <span class='ocrx_word' id='word_1_390' title='bbox 1842 3988 1854 4023; x_wconf 93' lang='lat'>,</span> <span class='ocrx_word' id='word_1_391' title='bbox 1879 3938 2005 4033; x_wconf 84' lang='lat' dir='ltr'>aliaque</span> <span class='ocrx_word' id='word_1_392' title='bbox 2030 3965 2115 4036; x_wconf 83' lang='lat' dir='ltr'>quae</span> 
     </span>
     <span class='ocr_line' id='line_1_39' title="bbox 578 4031 2115 4140; baseline 0.002 -30"><span class='ocrx_word' id='word_1_393' title='bbox 578 4037 703 4110; x_wconf 81' lang='lat' dir='ltr'>cibanai</span> <span class='ocrx_word' id='word_1_394' title='bbox 721 4034 813 4122; x_wconf 89' lang='lat' dir='ltr'>sunt,</span> <span class='ocrx_word' id='word_1_395' title='bbox 837 4032 963 4123; x_wconf 80' lang='lat' dir='ltr'>aliquot</span> <span class='ocrx_word' id='word_1_396' title='bbox 977 4035 1069 4102; x_wconf 85' lang='lat' dir='ltr'>annis</span> <span class='ocrx_word' id='word_1_397' title='bbox 1083 4031 1231 4102; x_wconf 87' lang='lat' dir='ltr'>adversos</span> <span class='ocrx_word' id='word_1_398' title='bbox 1247 4031 1451 4121; x_wconf 89' lang='lat' dir='ltr'>putredinem</span> <span class='ocrx_word' id='word_1_399' title='bbox 1464 4037 1667 4121; x_wconf 85' lang='lat' dir='ltr'>muniamus;</span> <span class='ocrx_word' id='word_1_400' title='bbox 1693 4037 1726 4106; x_wconf 92' lang='lat' dir='ltr'>in</span> <span class='ocrx_word' id='word_1_401' title='bbox 1742 4035 1807 4106; x_wconf 89' lang='lat' dir='ltr'>hoc</span> <span class='ocrx_word' id='word_1_402' title='bbox 1820 4035 1959 4112; x_wconf 87' lang='lat' dir='ltr'>themate</span> <span class='ocrx_word' id='word_1_403' title='bbox 1979 4049 2115 4140; x_wconf 86' lang='lat' dir='ltr'>egregia</span> 
     </span>
     <span class='ocr_line' id='line_1_40' title="bbox 577 4125 2114 4232; baseline 0.001 -20"><span class='ocrx_word' id='word_1_404' title='bbox 577 4133 734 4230; x_wconf 72' lang='lat' dir='ltr'>praestltit</span> <span class='ocrx_word' id='word_1_405' title='bbox 755 4129 849 4211; x_wconf 77' lang='lat' dir='ltr'>Nob.</span> <span class='ocrx_word' id='word_1_406' title='bbox 874 4125 1028 4224; x_wconf 83' lang='lat' dir='ltr'>Pringlc,</span> <span class='ocrx_word' id='word_1_407' title='bbox 1051 4129 1110 4221; x_wconf 83' lang='lat' dir='ltr'>qui</span> <span class='ocrx_word' id='word_1_408' title='bbox 1123 4128 1247 4219; x_wconf 85' lang='lat' dir='ltr'>primus</span> <span class='ocrx_word' id='word_1_409' title='bbox 1260 4128 1374 4204; x_wconf 85' lang='lat' dir='ltr'>virium</span> <span class='ocrx_word' id='word_1_410' title='bbox 1390 4128 1647 4225; x_wconf 83' lang='lat' dir='ltr'>arusepticamm</span> <span class='ocrx_word' id='word_1_411' title='bbox 1663 4131 1780 4232; x_wconf 86' lang='lat' dir='ltr'>gradus</span> <span class='ocrx_word' id='word_1_412' title='bbox 1794 4132 1959 4224; x_wconf 86' lang='lat' dir='ltr'>definivit,</span> <span class='ocrx_word' id='word_1_413' title='bbox 1974 4157 2011 4210; x_wconf 89' lang='lat' dir='ltr'>ut</span> <span class='ocrx_word' id='word_1_414' title='bbox 2023 4137 2062 4212; x_wconf 88' lang='lat' dir='ltr'>fit</span> <span class='ocrx_word' id='word_1_415' title='bbox 2077 4145 2114 4213; x_wconf 90' lang='lat' dir='ltr'>in</span> 
     </span>
    </p>

    <p class='ocr_par' dir='ltr' id='par_1_8' title="bbox 2050 4235 2119 4315">
     <span class='ocr_line' id='line_1_41' title="bbox 2050 4235 2119 4315; baseline 0.101 -7"><span class='ocrx_word' id='word_1_416' title='bbox 2050 4235 2119 4315; x_wconf 82' lang='lat' dir='ltr'>sale</span> 
     </span>
    </p>
   </div>
   <div class='ocr_carea' id='block_1_4' title="bbox 665 4374 1388 4644">
    <p class='ocr_par' dir='ltr' id='par_1_9' title="bbox 665 4374 1388 4644">
     <span class='ocr_line' id='line_1_42' title="bbox 703 4374 1388 4494; baseline 0.009 -22"><span class='ocrx_word' id='word_1_417' title='bbox 703 4407 820 4476; x_wconf 77' lang='lat' dir='ltr'>bonnet</span> <span class='ocrx_word' id='word_1_418' title='bbox 836 4407 882 4473; x_wconf 82' lang='lat' dir='ltr'>sur</span> <span class='ocrx_word' id='word_1_419' title='bbox 895 4374 1013 4486; x_wconf 68' lang='lat' dir='ltr'>lvirg&#39;e</span> <span class='ocrx_word' id='word_1_420' title='bbox 1028 4405 1080 4470; x_wconf 81' lang='lat' dir='ltr'>des</span> <span class='ocrx_word' id='word_1_421' title='bbox 1093 4408 1239 4475; x_wconf 77' lang='lat' dir='ltr'>Fruelllcs</span> <span class='ocrx_word' id='word_1_422' title='bbox 1252 4427 1318 4494; x_wconf 69' lang='lat' dir='ltr'>pag.</span> <span class='ocrx_word' id='word_1_423' title='bbox 1338 4427 1388 4489; x_wconf 71' lang='lat'>911</span> 
     </span>
     <span class='ocr_line' id='line_1_43' title="bbox 665 4407 1203 4644; baseline 0.006 -93"><span class='ocrx_word' id='word_1_424' title='bbox 665 4407 687 4644; x_wconf 66' lang='grc' dir='ltr'><em>Ξ</em></span> <span class='ocrx_word' id='word_1_425' title='bbox 704 4489 875 4568; x_wconf 87' lang='lat' dir='ltr'>Philosoph.</span> <span class='ocrx_word' id='word_1_426' title='bbox 892 4487 1040 4552; x_wconf 73' lang='lat' dir='ltr'>Traniati.</span> <span class='ocrx_word' id='word_1_427' title='bbox 1052 4489 1111 4552; x_wconf 77' lang='lat' dir='ltr'>No.</span> <span class='ocrx_word' id='word_1_428' title='bbox 1133 4507 1203 4568; x_wconf 79' lang='lat'>490.</span> 
     </span>
    </p>
   </div>
   <div class='ocr_carea' id='block_1_5' title="bbox 619 4409 1230 4647">
    <p class='ocr_par' dir='ltr' id='par_1_10' title="bbox 619 4409 1230 4647">
     <span class='ocr_line' id='line_1_44' title="bbox 635 4427 661 4472; baseline 0 0"><span class='ocrx_word' id='word_1_429' title='bbox 635 4427 661 4472; x_wconf 73' lang='grc' dir='ltr'>,α</span> 
     </span>
     <span class='ocr_line' id='line_1_45' title="bbox 619 4409 1230 4647; baseline 0 -18"><span class='ocrx_word' id='word_1_430' title='bbox 619 4409 662 4647; x_wconf 61' lang='lat' dir='ltr'>{e⁵</span> <span class='ocrx_word' id='word_1_431' title='bbox 698 4567 851 4629; x_wconf 80' lang='lat' dir='ltr'>Vitruvius</span> <span class='ocrx_word' id='word_1_432' title='bbox 864 4569 932 4631; x_wconf 88' lang='lat' dir='ltr'>Lib.</span> <span class='ocrx_word' id='word_1_433' title='bbox 947 4584 977 4630; x_wconf 80' lang='lat' dir='ltr'>a.</span> <span class='ocrx_word' id='word_1_434' title='bbox 996 4565 1070 4646; x_wconf 81' lang='lat' dir='ltr'>cap.</span> <span class='ocrx_word' id='word_1_435' title='bbox 1091 4582 1122 4639; x_wconf 86' lang='lat'>9.</span> <span class='ocrx_word' id='word_1_436' title='bbox 1228 4611 1230 4618; x_wconf 69' lang='lat'>,</span> 
     </span>
    </p>
   </div>
   <div class='ocr_carea' id='block_1_6' title="bbox 574 4643 1297 4743">
    <p class='ocr_par' dir='ltr' id='par_1_11' title="bbox 574 4643 1297 4743">
     <span class='ocr_line' id='line_1_46' title="bbox 574 4643 1297 4743; baseline 0.014 -36"><span class='ocrx_word' id='word_1_437' title='bbox 574 4683 594 4734; x_wconf 76' lang='lat'>„</span> <span class='ocrx_word' id='word_1_438' title='bbox 614 4646 684 4741; x_wconf 67' lang='lat' dir='ltr'>(d)</span> <span class='ocrx_word' id='word_1_439' title='bbox 705 4645 874 4743; x_wconf 61' lang='lat' dir='ltr'>wauton,</span> <span class='ocrx_word' id='word_1_440' title='bbox 893 4649 1012 4722; x_wconf 71' lang='lat' dir='ltr'>benuo.</span> <span class='ocrx_word' id='word_1_441' title='bbox 1034 4643 1103 4715; x_wconf 80' lang='lat' dir='ltr'>vui.</span> <span class='ocrx_word' id='word_1_442' title='bbox 1116 4661 1146 4732; x_wconf 74' lang='lat'>³·</span> <span class='ocrx_word' id='word_1_443' title='bbox 1166 4665 1232 4731; x_wconf 72' lang='lat' dir='ltr'>par·</span> <span class='ocrx_word' id='word_1_444' title='bbox 1248 4655 1297 4726; x_wconf 70' lang='lat' dir='ltr'>noi</span> 
     </span>
    </p>
   </div>
   <div class='ocr_carea' id='block_1_7' title="bbox 0 0 2296 6072">
    <p class='ocr_par' dir='ltr' id='par_1_12' title="bbox 0 0 2296 6072">
     <span class='ocr_line' id='line_1_47' title="bbox 0 0 2296 6072; baseline 0 1"><span class='ocrx_word' id='word_1_445' title='bbox 0 0 2296 6072; x_wconf 95' lang='lat' dir='ltr'> </span> 
     </span>
    </p>
   </div>
  </div>
 </body>
</html>
