4282 5962
623 219 1446 309 macnnmtcn
1741 253 1820 338 tq

274 425 378 500 uncus
394 424 474 499 Gll
497 425 672 499 destinatus
686 417 732 489 est
750 418 900 491 tenendae
918 417 1060 513 regulae,
1086 415 1219 506 quando
1241 437 1345 488 uncus
1360 415 1439 488 AD
1459 418 1648 496 dimittitur:
1670 427 1817 515 potentia

274 525 304 598 B
321 525 516 599 desideratur
530 522 674 614 respectu
690 518 800 588 oneris
815 519 849 589 in
863 516 973 601 E,uti
987 514 1133 585 &stando
1146 513 1266 612 regulae
1281 535 1423 587 acentro
1436 515 1469 588 C
1483 520 1525 588 ad
1543 523 1720 594 distantiam
1732 522 1763 592 C
1773 521 1816 603 Β,

326 636 359 737 §-
384 630 714 710 CCCCXXXVIll.
741 624 896 700 Trochlea
912 627 963 700 vel
979 624 1163 700 Rechamus
1175 647 1313 701 vocatur
1327 626 1511 715 orbiculus,
1537 634 1571 703 in
1587 636 1697 707 medio
1712 637 1813 710 fixum

276 735 400 808 babens
420 730 606 817 articulum,
631 731 856 811 eminentem,
879 724 1076 809 rotundum,
1101 728 1159 816 qui
1183 726 1217 798 in
1237 725 1320 796 ansae
1342 725 1554 800 foraminibus
1570 733 1733 822 utrimque
1755 755 1812 806 ex·
1946 803 1957 819 ,,

278 853 391 924 ceptus
404 829 598 904 versationes
618 826 741 911 habet,
766 845 824 915 per
842 823 1046 907 orbiculum,
1063 823 1154 916 cujus
1169 823 1351 917 peripheria
1365 822 1564 915 aliquantum
1579 827 1625 898 cst
1638 849 1811 915 excavata,
1952 816 1958 831 ’

276 931 427 1023 trajicitur
440 926 528 999 furris
543 927 729 1005 enotrius,
750 943 770 990 a
786 941 868 991 cauo
885 939 1061 1010 exceptus,
1086 921 1127 994 ad
1140 921 1275 993 alterum
1291 919 1378 993 sunis
1397 942 1495 1015 caput
1518 927 1685 1016 potentia,
1707 928 1748 997 ad
1765 927 1811 998 al·

276 1046 379 1098 terum
393 1046 501 1110 onus,
525 1023 577 1096 vel
604 1021 752 1113 potentia
779 1017 820 1088 ad
839 1038 1011 1108 utrumque
1037 1038 1135 1108 caput
1163 1017 1368 1090 adneoitur:
1405 1020 1566 1093 mutandis
1587 1022 1810 1095 Potentiorum

183 1202 193 1221 ‚
273 1122 535 1213 directionibus,
560 1119 745 1192 solearum
775 1116 950 1189 momentis
970 1114 1126 1209 augendis
1145 1116 1180 1188 in
1205 1115 1371 1189 elevandis
1390 1119 1627 1212 monendisque
1654 1123 1808 1193 oneribus

274 1218 378 1295 seruit.

321 1326 353 1426 p.
378 1322 681 1400 CCCCXXXIX.
706 1316 870 1392 Trochlea
889 1317 971 1391 Ain
989 1318 1063 1390 ansa
1091 1319 1190 1407 CK,
1210 1342 1251 1394 ex
1266 1322 1390 1395 annulo
1410 1324 1479 1396 fixo
1494 1320 1530 1395 U
1546 1323 1715 1417 suspensa,
1739 1345 1808 1396 ver·
1820 1308 1955 1381 Tabvr,

270 1425 377 1500 sabilis
405 1425 617 1499 converfione
634 1417 773 1494 rotunda
800 1419 886 1492 circa
916 1419 991 1490 axin
1010 1417 1067 1505 C,
1101 1440 1245 1491 ceterum
1271 1419 1371 1507 lixa,
1410 1443 1508 1513 quam
1536 1421 1622 1496 funis
1649 1405 1881 1494 dudariuslla·
1899 1417 1930 1480 8·

270 1521 347 1595 LD
358 1522 388 1595 E
398 1522 442 1594 Μ
455 1523 577 1605 ambit,
601 1518 693 1612 cujus
707 1515 843 1587 alterum
876 1537 975 1607 caput
997 1514 1040 1586 M
1058 1518 1206 1607 potentia
1221 1516 1249 1586 B
1266 1518 1353 1608 capit
1371 1568 1383 1601 ,
1420 1518 1512 1590 alteri
1528 1517 1560 1590 L
1582 1520 1744 1592 adnexum
1761 1510 1806 1589 est

271 1622 405 1716 pondus
419 1621 472 1706 P,
496 1642 564 1692 non
581 1638 679 1714 auget
702 1633 906 1687 momentum
924 1615 1080 1705 potentiae
1094 1613 1149 1697 Β,
1174 1612 1228 1683 sed
1244 1613 1370 1700 efficit,
1399 1634 1438 1699 ut
1463 1616 1529 1688 hoc
1542 1621 1574 1687 in
1598 1618 1806 1690 divetsrffimis

273 1719 482 1790 motionibus
507 1718 593 1787 idem
617 1732 764 1786 maneat:
791 1709 924 1784 Reduci
947 1731 1025 1782 uero
1040 1711 1081 1782 ad
1094 1712 1211 1782 vestim
1225 1712 1349 1803 -primae
1368 1709 1520 1803 speciei,
1549 1711 1639 1785 &ex
1662 1715 1806 1787 coelare

270 1815 406 1911 intelligi
421 1814 540 1907 potest.
565 1812 600 1885 Sl
615 1816 702 1885 eninr
719 1809 815 1882 funes
829 1806 867 1880 D
877 1806 932 1897 L,
944 1804 1052 1893 EM,
1075 1807 1136 1878 fine
1146 1806 1311 1900 paralleli,
1335 1805 1370 1879 dr
1386 1809 1602 1903 aequilibrium
1624 1815 1707 1883 inter
1721 1832 1809 1905 pon-

267 1911 329 1983 dus
349 1910 399 1998 P,
423 1910 459 1984 δι
480 1912 663 2004 potentiam
678 1908 729 1991 B,
754 1907 890 1981 ducatur
911 1910 996 1977 reda
1010 1903 1125 1979 DCE
1143 1925 1185 1976 ex
1209 1909 1337 1997 punctis
1353 1911 1524 1980 comasius
1539 1908 1624 1980 suuis
1639 1932 1699 2001 per
1716 1914 1806 1995 atio,
1953 1969 1956 1977 .

269 2012 493 2102 concipiamus
506 2009 619 2081 sunem
637 2011 672 2079 in
689 2003 725 2076 D
743 2000 824 2076 &E
842 2002 926 2100 ligi,
958 2002 1145 2095 sublatique
1182 2001 1355 2077 Trochleae
1377 2026 1468 2100 parte
1496 2005 1640 2077 inferiori
1664 2005 1804 2092 DHE,

268 2104 304 2178 ἃ
320 2105 475 2197 superiori
494 2105 529 2177 D
540 2105 637 2188 OE,
662 2102 750 2174 nulla
771 2105 910 2174 mutatio
928 2101 1098 2191 aequilibrii
1115 2103 1199 2171 inter
1217 2100 1245 2171 B
1261 2099 1296 2172 δι
1309 2101 1334 2172 Ρ
1351 2103 1407 2175 liet
1420 2155 1432 2189 ,
1456 2103 1510 2175 sed
1536 2103 1631 2174 reilat
1648 2123 1716 2176 tum
1731 2126 1804 2176 mo·

263 2205 312 2277 do
336 2201 413 2276 DC
421 2202 479 2288 Ε,
506 2226 579 2295 quae
604 2202 650 2273 est
666 2199 798 2286 Libra,
834 2199 887 2272 uel
917 2200 1016 2270 vertis
1040 2201 1149 2268 rectus
1173 2201 1344 2289 aequalium
1366 2201 1601 2288 brachiorum3
1632 2204 1807 2293 inquibus

265 2320 330 2393 pro
355 2301 538 2389 aequilibrio
558 2299 689 2387 pondus
705 2298 731 2366 P
755 2296 882 2384 aequale
900 2297 1055 2383 potentiae
1069 2293 1097 2361 B
1114 2292 1321 2365 desideratur.
1353 2296 1446 2365 Patet
1464 2318 1620 2386 quoque,
1646 2303 1722 2387 quia
1734 2303 1805 2388 pari

265 2393 441 2466 velocitate
464 2390 678 2483 potentiali,
704 2385 899 2470 &onusP,
923 2404 1109 2455 moventur.
1163 2387 1198 2455 Si
1221 2391 1347 2458 funium
1369 2392 1564 2460 direcliones
1590 2391 1709 2461 suerint
1735 2392 1807 2465 DP

268 2486 305 2565 R
322 2486 421 2574 ΕΟ,
445 2487 497 2561 uel
515 2483 588 2557 DP
610 2481 644 2555 dt
661 2481 766 2568 Oll,
790 2504 858 2553 non
877 2479 1059 2574 parallelae,
1085 2478 1303 2574 tollanturque
1323 2504 1431 2575 partes
1445 2505 1484 2555 ex
1503 2484 1648 2556 trochlea
1662 2490 1804 2578 inutiles,

291 2586 439 2675 ostquam
471 2582 601 2673 punctis
627 2578 689 2663 D,
714 2599 781 2649 tum
802 2577 862 2662 F,
882 2576 947 2662 Ο,
972 2575 1058 2647 affixi
1087 2574 1147 2647 lint
1160 2575 1281 2663 funes,
1311 2582 1490 2650 manebunt
1511 2582 1619 2651 vertes
1633 2586 1806 2677 angulares

262 2607 400 2764 lJCF,
424 2674 524 2750 velD
539 2675 635 2761 CO,
654 2674 779 2766 semper
796 2676 961 2764 utrimque
979 2669 1152 2763 equalium
1167 2671 1400 2763 brachiorum,
1431 2676 1583 2766 adeoque
1603 2676 1733 2749 necesse
1757 2680 1807 2754 est

263 2779 446 2872 potentiam
462 2775 511 2860 B,
529 2775 563 2844 in
577 2771 625 2859 133
642 2769 693 2842 vel
709 2773 743 2842 in
763 2767 821 2855 G,
846 2768 900 2840 vel
912 2771 946 2839 in
961 2762 1012 2854 H,
1038 2764 1103 2839 effe
1123 2767 1281 2859 aequalem
1305 2771 1449 2860 ponderi
1470 2768 1512 2840 P.
1523 2770 1622 2842 Adeo
1636 2795 1673 2844 ut
1683 2797 1804 2867 poten·

263 2876 309 2948 tia
326 2874 354 2944 B
370 2894 436 2965 ope
451 2870 545 2964 hujus
561 2864 737 2953 trochleae,
762 2864 843 2938 nihil
864 2863 938 2956 plus
953 2866 1114 2937 momenti
1138 2865 1355 2957 adipiscatur,
1389 2866 1444 2938 sed
1468 2885 1593 2938 tantum
1615 2869 1803 2946 directioni·

263 2973 326 3045 bus
347 2966 557 3042 diverlillimis
574 2966 702 3054 operari
718 2985 795 3034 cum
811 2961 930 3032 eodem
948 2958 1091 3033 successu
1107 2960 1213 3057 pollit.
1264 2961 1410 3063 Oportet
1426 2983 1533 3035 autem
1555 2985 1592 3035 ut
1610 2969 1687 3038 unci
1709 2968 1742 3040 K
1764 2967 1801 3043 ἃ

263 3068 301 3140 U
316 3067 489 3157 exquibus
505 3058 649 3133 trochlea
707 3058 807 3142 ndet,
833 3058 893 3129 lint
924 3077 1020 3129 tantae
1038 3056 1225 3145 sinnitatis,
1264 3080 1301 3131 ut
1324 3060 1495 3133 sustentare
1516 3054 1635 3153 poffint
1653 3067 1800 3154 pondera

263 3164 314 3251 P,
327 3165 375 3248 B,
401 3183 469 3233 turn
484 3158 638 3231 trochleae
711 3156 849 3229 starium.
898 3154 946 3228 Et
964 3155 1051 3228 funis
1067 3154 1229 3229 decbries
1248 3154 1347 3230 debet
1362 3157 1525 3230 esseillius
1542 3157 1699 3233 firmitatis
1716 3214 1729 3250 ,
1762 3185 1799 3236 ut

263 3261 396 3357 pondus
417 3256 549 3330 Pfacile
561 3255 653 3328 serat.

310 3373 522 3453 CCCCXL.
547 3373 583 3445 Si
598 3370 763 3444 Trochlen
779 3394 849 3444 nort
862 3391 1078 3445 andracum
1092 3370 1225 3445 axiculo
1236 3374 1269 3445 in
1288 3373 1362 3446 anlit
1376 3371 1410 3446 C
1416 3372 1449 3448 Α
1464 3371 1597 3459 uersati,
1628 3373 1681 3445 sed
1694 3374 1796 3450 libere
1825 3436 1828 3445 .

262 3476 379 3551 stadum
397 3473 616 3558 deorsumque
628 3473 752 3537 moveri
766 3488 880 3557 queat,
896 3490 994 3559 atque
1011 3491 1053 3540 ex
1074 3469 1146 3542 ausa
1162 3468 1215 3542 uel
1237 3473 1354 3542 trutina
1378 3471 1451 3544 CA
1465 3470 1606 3563 pendeat
1622 3493 1706 3544 onus
1723 3493 1794 3547 mo·
1806 3489 1942 3558 ‘rebvs

261 3575 406 3646 vendam
423 3570 472 3652 P,
488 3563 525 3635 δι
538 3563 633 3634 sunes
651 3561 795 3652 paralleli
818 3561 892 3631 DB
911 3613 923 3641 ,
944 3562 1043 3650 ΕΚ,
1071 3587 1211 3655 quorum
1239 3566 1373 3637 alterum
1393 3587 1573 3638 extremum
1593 3569 1722 3643 affixum
1744 3574 1787 3644 eli
1805 3596 1869 3672 [τις.
1883 3609 1915 3668 9,

261 3669 360 3740 firmo
375 3666 468 3737 clavo
481 3660 536 3745 K,
561 3659 696 3729 alterum
714 3674 893 3731 extremum
909 3657 937 3728 B
953 3678 1080 3729 tenetur
1104 3681 1123 3729 a
1145 3664 1290 3750 potentia
1310 3660 1368 3746 R,
1385 3666 1446 3734 erit
1464 3667 1497 3734 in
1517 3663 1596 3734 statu
1623 3669 1793 3760 aequilibrii

261 3767 409 3858 porentia
432 3760 467 3832 R
484 3759 527 3829 ad
552 3777 637 3827 onus
656 3754 710 3846 P,
738 3758 784 3828 uti
810 3753 843 3826 Ε
862 3754 894 3826 C
919 3756 960 3826 ad
980 3753 1084 3842 ΕΙ),
1117 3752 1290 3849 potestque
1314 3759 1357 3828 ad
1380 3762 1497 3830 vestim
1518 3760 1647 3832 secundi
1664 3769 1792 3858 generis

261 3860 397 3936 referet·

313 3958 426 4028 Porto
449 3959 590 4048 primurn
612 3951 797 4043 aequilibrio
818 3952 903 4022 inter
927 3949 963 4023 R
979 3946 1014 4022 dr
1029 3949 1078 4034 P,
1100 3949 1326 4044 concipiantur
1344 3950 1438 4024 funes
1456 3957 1584 4045 putidis
1600 3952 1639 4025 D
1654 3951 1792 4031 &Eas

263 4055 342 4152 sigi,
368 4051 594 4151 duellDCE
611 4050 716 4135 resia,
742 4071 816 4140 quae
829 4049 970 4139 perstet,
994 4051 1115 4141 poterit
1129 4071 1204 4141 pars
1215 4048 1388 4122 Trocbleae
1405 4048 1680 4143 superiotDHE
1696 4059 1792 4128 inuti.

262 4153 303 4224 lis
322 4151 459 4232 auferri,
484 4149 601 4222 deinde
613 4170 687 4240 pars
705 4145 838 4220 inferior
862 4144 1007 4233 DAE,
1031 4168 1099 4218 non
1120 4166 1277 4218 mutatum
1303 4149 1364 4219 erit
1382 4149 1626 4239 aequilibrium,
1648 4155 1793 4227 manebit
1901 4184 1906 4191 ·

261 4271 369 4321 autem
386 4268 455 4320 tum
472 4248 572 4318 vestis
589 4243 726 4330 DCE,
751 4245 808 4335 qui
822 4241 953 4316 fulcitur
969 4247 1004 4315 in
1018 4243 1051 4315 Ε
1066 4267 1085 4316 a
1099 4244 1177 4317 fune
1199 4244 1295 4331 ΕΚ,
1320 4268 1403 4317 onus
1419 4246 1446 4318 P
1470 4248 1592 4335 pendet
1603 4269 1645 4319 ex
1660 4271 1722 4322 axe
1733 4253 1790 4340 C,

263 4343 299 4416 δι
323 4347 470 4439 potentia
491 4341 547 4429 R,
568 4343 717 4415 sustentat
727 4361 907 4413 extremum
924 4339 983 4428 D,
1005 4340 1157 4434 adeoque
1178 4346 1240 4414 erit
1256 4341 1291 4413 R
1308 4346 1348 4415 ad
1366 4342 1391 4416 P
1408 4368 1418 4413 ε
1436 4368 1445 4415 :
1460 4343 1533 4417 EC
1544 4395 1558 4437 ,
1578 4343 1668 4420 ΕΙ).
1683 4370 1745 4441 per
1754 4346 1789 4448 ᾗ.
1888 4421 1893 4429 ,

262 4463 349 4540 415·
372 4441 538 4516 Estetiam
562 4439 667 4536 duplo
679 4439 782 4534 major
794 4440 950 4515 velocitas
960 4441 1120 4535 potentiae
1140 4437 1175 4514 R
1194 4461 1291 4537 quam
1302 4440 1513 4535 ponderum.

1504 4623 1536 4723 q.
1562 4593 1789 4710 cocenim,-
