4584 6072
549 347 648 475 a*
854 347 965 440 nn
1020 287 1677 458 uulnus-orma

602 561 636 654 ς.
661 505 763 630 xiiis
781 551 903 647 Logica
924 540 1064 634 explicat
1082 540 1197 610 animae
1220 533 1369 605 hnmana
1385 533 1618 632 intelligentem
1636 531 1929 615 &ratiocinantem
1949 544 2088 624 susim.

557 681 643 743 tem,
669 652 705 726 δι
728 647 819 722 simul
847 644 941 716 tradit
964 638 1091 734 regulas
1113 636 1200 707 reste
1223 630 1462 717 ratiocinandi,
1504 633 1625 704 mundi
1648 639 1791 723 erroris,
1821 642 1988 716 ratiocinia
2007 667 2081 718 exn
2127 693 2131 719 ‚

555 750 725 834 minandi,
746 765 821 819 uera
840 765 860 814 a
877 739 960 811 falsis
983 731 1222 830 distinguendi:
1258 749 1327 799 tum
1351 727 1451 800 docet
1474 727 1665 802 methodum
1689 733 1848 830 dirigendi
1865 739 2012 834 ingenii,
2045 763 2082 814 ut

553 854 691 925 latentes
715 845 863 916 veritates
888 851 1038 909 eruantur
1063 829 1098 902 ἃ
1122 825 1402 900 demonstrentur:
1433 820 1602 920 Quaelibet
1623 825 1752 901 scientia
1774 827 1860 904 suam
1889 835 2081 910 babeth

554 952 663 1045 gicam
691 939 915 1035 particularem
934 957 952 1018 ς,
985 953 1058 1022 quae
1080 929 1169 1000 enirn
1201 922 1324 1021 tegula
1350 921 1564 995 ratiocinandi
1583 922 1659 1014 huic
1685 924 1826 1001 scientiae
1859 937 2088 1024 conueniunt,

553 1064 668 1140 parum
682 1038 777 1112 utiles
798 1035 869 1108 sunt
889 1031 979 1104 alteri
1000 1027 1150 1098 scientiae.

606 1157 638 1248 §.
665 1150 760 1226 XlV.
785 1149 921 1238 Optima
940 1143 981 1214 ad
993 1135 1218 1213 addiscendam
1236 1131 1480 1224 Philosophiam
1493 1131 1650 1225 sternitur,
1662 1136 1737 1222 via,
1752 1135 2093 1235 praemffamgniuo-

553 1276 598 1332 ne
623 1254 744 1344 septem
774 1249 914 1323 Arriam
937 1237 1163 1317 Liberaliora,
1189 1229 1224 1302 &
1251 1235 1285 1302 in
1301 1232 1412 1322 primis
1428 1227 1586 1300 Matheli.

605 1361 651 1424 1⁰.
678 1346 767 1442 Quia
789 1346 857 1414 haec
879 1341 1046 1435 ingenium
1069 1328 1266 1424 potiffimum
1280 1330 1385 1400 acuit.

600 1467 641 1521 20
674 1443 789 1515 Docet
800 1438 880 1532 quid
895 1435 933 1506 fit
948 1455 1025 1506 uera
1042 1426 1291 1512 demonstratio,
1308 1445 1377 1516 quo
1390 1423 1490 1520 longe
1499 1427 1614 1496 ceteris
1625 1424 2090 1504 studiis-&artibusantecediu

548 1565 999 1728 a
1024 1620 1294 1714 aas
1573 1520 2082 1691 r

551 1739 621 1812 culi
646 1732 758 1805 XVII.
782 1730 891 1802 avitis
904 1743 994 1796 extra
1008 1741 1141 1794 omnem
1156 1717 1278 1814 ingenii
1289 1713 1392 1786 aleam
1409 1714 1541 1806 pofitis,
1567 1713 1719 1803 Galileo,
1744 1647 2083 1807 Torriccllio‚pMer

552 1835 677 1918 senno,
701 1826 820 1900 deinde
833 1825 875 1896 ab
893 1820 1071 1914 Hugenio‚
1097 1809 1991 1905 Newtono,Leibnitsto,Bemoulliis,aliisqoe.nostrae
2007 1836 2084 1888 aeta·

552 1934 593 2002 tis
608 1921 862 2020 prestantifftmis
877 1915 1119 1989 Nlathematicis
1132 1908 1290 2002 conjungi
1302 1906 1421 1996 cepit,
1448 1907 1621 1978 obseruatis
1636 1911 1733 1982 etiam
1749 1909 1960 2001 sapientissimi
1977 1913 2084 1986 Veto·

549 2025 639 2102 lamii
666 2027 699 2096 ln
720 2015 989 2108 Philosophando
1002 2011 1153 2093 monitis,
1176 2005 1219 2077 ad
1242 2023 1395 2100 magnum
1423 2002 1570 2076 celeriter
1584 2002 1744 2102 fastigium
1760 2009 1903 2080 increvit.

601 2123 666 2194 Sed
681 2115 867 2192 admiranda
880 2112 1033 2184 felicitate
1048 2105 1137 2178 culta
1154 2099 1353 2192 &promota
1365 2098 1451 2186 fuit,
1476 2121 1552 2172 eum
1576 2100 1786 2174 Potentiffimi
1802 2103 1934 2202 Reges,
1959 2105 2084 2179 enum

544 2219 678 2312 'pesque
691 2221 723 2288 in
737 2211 881 2287 universa
897 2208 1033 2298 Europa
1052 2202 1253 2275 scientiarum
1268 2196 1492 2283 Academias,
1518 2194 1552 2268 aa
1571 2195 1737 2271 societates
1757 2202 1957 2276 eruditorum
1971 2225 2084 2276 erexe-

547 2321 634 2402 rint,
660 2335 794 2407 quarum
820 2327 973 2381 numerus
993 2303 1156 2375 contituta
1174 2315 1331 2394 augetur,
1357 2315 1392 2366 ut
1410 2297 1553 2366 unanimi
1573 2295 1795 2386 plurimorum.
1809 2297 2083 2392 Philosophorum

544 2412 660 2486 labore
686 2413 822 2480 latentes
847 2429 889 2472 ne
913 2403 1052 2489 tectique
1076 2396 1245 2485 hucusque
1276 2409 1397 2463 nauuae
1419 2391 1558 2462 recessim
1572 2411 1770 2466 eruerentur.
1822 2391 1901 2465 Hoc
1916 2397 2019 2468 modo
2033 2400 2084 2470 in·

546 2510 618 2580 dies
644 2506 745 2576 multa
774 2519 858 2572 noua
937 2496 1104 2588 incognita
1132 2492 1349 2581 deteguntur,
1383 2490 1514 2575 antiqua
1534 2487 1646 2556 efferta
1669 2485 1704 2557 dt
1727 2489 1882 2584 dogrnata
1896 2495 2088 2564 examinata*

543 2625 620 2686 tur,
645 2602 835 2674 elimentur,
860 2611 996 2659 erronea
1027 2586 1235 2672 rejiciuntur,
1258 2581 1343 2647 adeo
1366 2599 1403 2646 ut
1426 2581 1531 2666 sesqui
1553 2581 1650 2648 seculi
1670 2581 1771 2668 spatio
1795 2583 2081 2677 Philosophiana

544 2697 655 2772 ruralis
669 2690 809 2777 majores
821 2683 933 2753 fecerit
946 2675 1152 2771 progressus,
1178 2693 1276 2761 quam
1291 2674 1334 2740 ab
1350 2669 1533 2740 Aristotelis
1546 2675 1756 2760 temporibus.
1766 2675 1807 2743 ad
1823 2675 1964 2748 seculum
1978 2701 2039 2750 xvr
2051 2705 2081 2758 r.

594 2789 649 2860 Ex
671 2781 859 2856 memoraris
873 2771 1093 2859 Philosophiae
1109 2769 1253 2858 partibus
1270 2764 1436 2854 Playsream
1451 2764 1628 2860 elegimus,
1652 2767 1942 2858 ejustsundameneu
1956 2773 2082 2848 dumta-

540 2904 603 2960 ‘xat
626 2887 660 2952 in
692 2879 758 2949 hoc
780 2870 939 2965 opusculo
965 2865 1108 2938 audituri
1135 2915 1146 2951 ‚
1180 2859 1298 2932 omissis
1330 2861 1427 2931 rebus
1452 2859 1616 2931 immense
1639 2861 1840 2936 subtilitatis:
1870 2889 1944 2960 quae
1965 2871 2116 2945 naseu--

544 2987 590 3058 ris
611 2980 801 3072 plerumque
819 2967 959 3040 tenebris
975 2977 1182 3056 premuntur:
1206 2958 1396 3030 materiam
1411 2957 1540 3028 abunde
1553 2956 1716 3030 constabit
1730 2959 1794 3031 esse
1818 2961 1979 3038 ffientiam
1995 2970 2088 3042 adeo·

540 3078 715 3170 amplam,
742 3091 779 3143 ut
800 3069 834 3140 in
854 3066 968 3140 annuis
988 3055 1302 3137 exercitationibus,
1336 3073 1410 3142 quae
1431 3053 1590 3144 juvenutti
1609 3055 1803 3128 academica
1826 3061 2079 3152 consectantun',

538 3179 649 3271 prima
669 3169 881 3244 fundamenta
901 3158 1074 3242 delibare,
1103 3151 1138 3224 δι
1162 3145 1384 3241 simplicissima
1408 3148 1566 3218 continuo
1592 3147 1689 3216 obvia
1710 3147 1831 3244 eligere
1852 3163 2080 3234 tantummodo

537 3267 816 3354 concessumst,
840 3283 913 3352 quae
937 3275 1070 3346 tyrones
1090 3250 1183 3321 facilc
1202 3243 1404 3340 intelligere,
1429 3245 1610 3314 atnaenitate
1639 3243 1819 3333 delassare,
1843 3250 1884 3320 ad
1901 3251 2013 3326 altiora
2042 3255 2078 3330 dt

542 3363 705 3440 utilissima
730 3364 804 3433 vitae
823 3358 972 3428 humanae
994 3345 1185 3422 addiscenda
1203 3342 1401 3414 inflammare
1426 3337 1569 3432 possent:
1595 3341 1641 3412 ob
1664 3361 1761 3433 quarn
1779 3346 1938 3419 rationem
1964 3351 2006 3422 de
2028 3358 2077 3427 A.

546 3462 726 3538 brunomia
750 3453 785 3527 dt
805 3452 986 3526 caelestibus
1000 3445 1224 3539 pbaenomenis
1250 3437 1448 3529 explicandis
1469 3435 1536 3508 fere
1550 3439 1687 3510 omnino
1711 3437 1940 3533 abstinuimus3
1965 3467 2078 3542 quum

543 3563 594 3635 tis
611 3562 695 3630 inter
714 3552 804 3629 utilia
826 3545 862 3626 bt
881 3547 1024 3643 iucunda
1039 3544 1155 3616 merito
1182 3535 1377 3610 numeranda
1399 3534 1474 3612 fitia

595 3675 630 3767 §2
655 3672 733 3746 XV'.
757 3668 901 3764 onJeaa
917 3663 1061 3754 Phyncae
1081 3659 1153 3732 bnt
1176 3659 1297 3750 carpus
1313 3704 1324 3742 ,
1341 3653 1492 3766 Spojium
1508 3651 1545 3726 dr
1557 3654 1687 3731 Morus.
1713 3655 1906 3758 Quidvero
1921 3683 1981 3757 pet
2004 3662 2075 3736 bate

544 3771 765 3869 intelligatur,
790 3768 905 3862 paucis
923 3761 1087 3836 indicabo.
1486 3817 1490 3822 ,
1709 3843 1711 3848 ,

595 3867 839 3964 Quamcunque
854 3881 921 3932 rem
945 3857 1044 3928 oculo
1060 3859 1202 3935 inmari,
1226 3873 1324 3919 rnunu
1342 3853 1497 3940 palpare,
1516 3847 1710 3920 refistentem
1729 3847 2077 3946 preslaioffendimus,

542 3966 596 4046 uel
618 3964 687 4038 alio
705 3961 794 4034 sensu
808 3953 1009 4050 cognoscere
1022 3948 1211 4040 poss'umus,
1237 3949 1365 4036 Corpus·
1382 3943 1601 4033 appellamus..
1670 4015 1674 4020 ,

594 4059 829 4140 Extenfionem
856 4045 1051 4131 Uuniuerst,
1083 4046 1117 4112 in
1134 4062 1202 4130 quo
1227 4060 1367 4128 corpora
1391 4037 1479 4127 sunt,
1512 4037 1548 4112 dc
1568 4039 1673 4114 ubere
1693 4059 1865 4119 movemur
1872 4095 1888 4132 ,.
1908 4049 2074 4143 Spalim

407 4247 408 4250 Ἴ
543 4155 812 4233 Translationern·
827 4145 979 4237 corporis
998 4143 1038 4211 in·
1052 4139 1154 4231 spatio
1171 4155 1325 4208 vocamus
1337 4136 1481 4209 Motum.

597 4273 630 4365 ς,
656 4267 750 4342 xvi,
775 4259 949 4360 (Quoniam⁸
967 4253 1070 4324 menti
1087 4250 1237 4321 humanae
1262 4245 1351 4320 nulla
1370 4265 1551 4341 corporum·
1564 4251 1616 4326 vel
1633 4253 1820 4346 qualitatum
1841 4277 2074 4352 corporearum

541 4369 595 4448 gg
608 4373 716 4440 inm
738 4360 904 4458 cognitio:
929 4352 1059 4437 omnia,
1084 4369 1157 4440 que
1177 4345 1219 4418 ad
1239 4365 1380 4439 corpora
1396 4351 1584 4439 pertinent,
1602 4351 1903 4442 observationibus,
1928 4359 1980 4430 vel
2003 4359 2073 4432 Ean

478 4465 486 4479 '
542 4466 739 4564 perimentis
748 4451 941 4532 addiscenda
956 4450 1042 4530 sunta

596 4563 740 4645 (sumta,
764 4576 837 4648 quae
858 4555 892 4622 in
911 4545 1106 4640 corporibus
1128 4543 1242 4638 sponte
1256 4543 1287 4617 se
1302 4544 1463 4632 offerunt,
1487 4543 1694 4638 adnotantes,
1718 4546 2072 4629 dumusobservatiu»

539 4681 622 4778 ᾖ
665 4657 880 4756 Quutem
895 4661 1040 4744 corpora
1055 4663 1120 4741 ope
1135 4642 1424 4746 hallittmentorum
1446 4641 1673 4741 explorantur,
1697 4665 1734 4722 ut
1747 4647 1862 4724 clarius
1876 4656 2082 4742 eorumpross

539 4819 549 4864 ι
1987 4751 2086 4840 aris:-
