4282 5962
546 242 1486 336 PENDULORUM.
1714 280 1789 358 199

310 451 342 550 p.
368 448 516 522 DCLll.
541 448 575 519 Si
598 446 693 516 fuerit
725 441 821 513 dudla
851 459 985 536 tangens
1014 438 1068 510 SS
1095 439 1137 509 ad
1156 442 1313 534 punsium
1340 441 1513 531 Cycloidis
1537 444 1591 530 P,
1623 467 1690 519 mm
1717 447 1787 520 PE

264 548 414 646 parallela
445 547 512 619 basi
538 543 640 626 AD,
680 537 716 610 Β(
744 561 785 610 ex
817 540 940 631 pundo
973 536 1006 611 E
1037 539 1071 608 in
1097 538 1277 632 peripheria
1298 537 1423 609 circuli
1459 550 1659 635 generatoris
1692 545 1788 614 duda

265 649 391 721 chorda
412 644 512 728 ΕΒ,
545 642 591 713 est
618 641 743 732 semper
768 637 838 710 ΕΒ
865 634 1015 729 parallelas
1045 637 1188 731 tangenti
1213 634 1294 722 SS,
1327 632 1364 708 dc
1388 641 1498 731 portio
1525 637 1698 728 Cycloidis
1725 637 1785 710 PB

266 745 390 840 semper
410 743 455 813 esi
476 740 574 835 dupla
599 739 732 810 chordae
757 735 839 807 ΕΒ.

314 860 345 958 i.
370 857 533 932 DCLlll.
560 855 649 954 Quia
673 874 771 951 grave
797 851 936 947 posrtum
968 851 1002 920 in
1032 851 1155 942 puniio
1188 875 1297 925 curvae
1322 853 1349 925 P
1374 854 1420 927 est
1445 854 1531 947 quast
1556 857 1589 926 in
1615 854 1789 952 Tangente
1817 869 1893 933 Tau.

263 959 296 1056 ς.
314 959 410 1048 643:
440 960 560 1027 nitetur
584 952 780 1025 descendere
801 952 834 1021 in
857 948 884 1020 P
903 947 1017 1018 eidem
1041 949 1100 1028 vi,
1129 969 1168 1018 ac
1202 952 1224 1021 fi
1249 952 1389 1046 positum
1412 952 1498 1024 soret
1522 955 1555 1023 in
1581 953 1704 1024 chorda
1728 946 1879 1038 cir-Xyl-

261 1055 325 1128 culi
345 1053 560 1149 respondente
583 1051 676 1136 ΕΒ,
703 1051 757 1121 sed
780 1047 853 1120 ΕΒ
877 1045 923 1116 eil
946 1047 1198 1140 proportionalis
1215 1054 1359 1144 portioni
1381 1051 1553 1143 Cycloidis
1579 1050 1664 1137 BP;
1693 1027 1899 1122 &visis-⁵·

265 1174 329 1246 qua
349 1155 461 1223 nititur
482 1148 679 1221 descendere
698 1169 793 1244 graue
822 1151 857 1217 in
881 1142 1004 1215 chorda
1031 1142 1127 1228 ΕΒ,
1153 1146 1198 1216 est
1223 1167 1260 1219 ut
1281 1146 1346 1241 ipsa
1361 1149 1483 1219 chorda
1498 1148 1569 1221 ΕΒ
1589 1172 1647 1245 per
1659 1149 1691 1238 Β.
1708 1149 1790 1240 625.

265 1251 413 1340 adeoque
436 1252 483 1321 vis
511 1270 576 1338 qua
599 1250 712 1319 nititur
736 1264 833 1343 grave
858 1239 1054 1312 descendere
1079 1243 1113 1311 in
1138 1247 1290 1337 portione
1317 1244 1489 1337 Cycloidis
1516 1247 1609 1334 BP,
1642 1247 1688 1317 est
1713 1248 1792 1317 sern-

265 1369 324 1444 per
343 1367 379 1419 ut
404 1346 577 1442 longitudo
602 1344 695 1439 hujus
716 1343 876 1439 portionis
905 1337 970 1410 PB
993 1337 1012 1408 ὲ
1039 1337 1215 1429 Cycloide.
1323 1401 1330 1415 „

314 1462 344 1561 ᾗ.
372 1461 536 1539 ΒΟΙᾸΗ.
563 1462 703 1537 Proinde
729 1461 905 1547 celeritas,
939 1485 1081 1553 quacum
1113 1461 1227 1553 incipit
1261 1460 1456 1533 descendere
1488 1482 1587 1557 grave
1611 1462 1639 1534 P
1664 1466 1697 1535 in
1712 1462 1796 1552 ‘Cy-

265 1563 402 1646 cloide,
427 1562 551 1656 semper
574 1562 620 1633 est
641 1562 687 1632 uti
705 1562 815 1654 portio
844 1558 1017 1651 Cycloidis
1040 1558 1130 1632 PB:
1157 1557 1180 1627 ii
1206 1559 1304 1653 igitur
1328 1558 1479 1631 darentur
1504 1559 1571 1631 duo
1596 1561 1737 1652 pendula
1761 1563 1796 1635 in

266 1662 360 1733 variis
380 1659 626 1747 altitudinibus,
652 1679 753 1730 unum
777 1660 814 1729 iri
834 1657 883 1743 Ρ,
907 1659 1043 1731 alterum
1068 1660 1101 1728 in
1126 1652 1189 1749 Q,
1214 1656 1371 1748 incipient
1395 1655 1531 1727 oscillari
1555 1655 1797 1748 celeritatibus,

268 1779 341 1850 quae
359 1776 452 1828 erunt
476 1761 523 1827 uti
546 1756 766 1854 longitudines
785 1755 962 1850 Cucloidis⁸
983 1756 1074 1841 ΡΒ,
1102 1750 1185 1848 ΩΒ.
1211 1752 1349 1846 proinde
1375 1755 1396 1825 Β
1422 1776 1490 1824 non
1516 1752 1701 1827 laberentur
1726 1774 1798 1824 mo·

267 1873 301 1926 ru
321 1854 529 1941 accelerato,
554 1855 647 1926 fimul
672 1851 795 1924 dimissa
818 1855 885 1949 pari
910 1872 1059 1947 tempore
1079 1871 1304 1946 percurrerent
1327 1855 1496 1946 portiones
1522 1846 1614 1937 PB,
1639 1849 1738 1945 ΩΒ,
1765 1847 1801 1922 &

266 1953 384 2023 eodem
407 1972 578 2024 momento
602 1953 807 2045 pervenirent
833 1950 874 2021 ad
896 1950 938 2021 B.
988 1949 1157 2046 Quoniam
1183 1968 1261 2018 vero
1287 1951 1320 2019 in
1347 1949 1495 2042 quolibet
1520 1953 1643 2045 pundo
1661 1948 1802 2038 Cycloi-

266 2050 315 2120 dis
336 2053 496 2142 agitantur
519 2049 758 2131 celeritatibus,
784 2070 858 2139 quae
883 2047 954 2119 sunt
977 2051 1024 2118 uti
1050 2045 1272 2139 longitudines
1297 2045 1471 2137 Cycloidis
1494 2071 1513 2118 a
1538 2048 1662 2142 punilo
1687 2046 1803 2118 infimo

267 2147 320 2230 B,
345 2166 534 2240 percurrent
558 2145 731 2233 Cycloidis
758 2149 927 2239 portiones
953 2143 1042 2228 ΡΒ,
1069 2139 1164 2238 ΩΒ,
1189 2145 1306 2214 iterum
1331 2144 1452 2215 eodem
1478 2162 1656 2240 tempore,
1683 2141 1717 2215 δι
1744 2167 1803 2215 eo·

267 2246 343 2316 dem
374 2263 546 2314 momento
577 2245 770 2337 pervenient
795 2242 837 2311 ad
873 2244 917 2313 B.
951 2242 1101 2329 adeoque
1135 2236 1355 2309 oscillationes
1388 2241 1525 2332 penduli
1554 2245 1588 2311 in
1614 2241 1802 2331 Cycloide,

268 2340 333 2411 five
355 2360 482 2429 magnae
503 2339 567 2406 five
591 2357 718 2424 parvae,
742 2339 874 2424 paribus
900 2337 1103 2425 temporibus
1127 2353 1336 2423 peraguntur.

319 2444 350 2540 i.
379 2441 532 2518 DCLV.
559 2442 707 2535 Tempus
731 2439 822 2532 quod
842 2440 1021 2534 pendulum
1048 2442 1081 2511 in
1111 2437 1277 2527 Cycloide
1303 2438 1451 2513 oscillaus
1476 2442 1659 2536 impendit,
1692 2442 1805 2513 estad
1860 2452 1863 2457 ’

270 2564 398 2636 tempus
424 2562 494 2632 quo
525 2540 645 2611 labitur
663 2558 760 2632 gram
782 2556 840 2628 per
862 2535 997 2626 spatium
1023 2536 1149 2625 aequale
1170 2535 1313 2606 dimidiae
1338 2537 1535 2631 longitudini
1560 2538 1722 2630 penduli,
1757 2541 1806 2609 uti

270 2639 449 2735 peripheria
474 2636 586 2707 circuli
609 2635 650 2705 ad
670 2634 872 2703 diametrum.
1167 2656 1172 2663 ·

319 2735 457 2824 Cyclois
492 2730 686 2802 extendatur
706 2731 739 2797 in
761 2728 881 2797 lineam
903 2730 1025 2798 redam'
1046 2723 1185 2813 ABD,
1211 2730 1246 2798 in
1271 2751 1336 2819 qua
1360 2733 1562 2822 concipiatur
1586 2750 1705 2823 corpus
1730 2752 1802 2801 mo·
1830 2771 1912 2832 ‚m-

267 2835 334 2905 veri
357 2829 472 2900 eadem
494 2827 570 2922 lege
591 2829 634 2896 ab
655 2827 687 2894 A
711 2823 753 2894 ad
771 2822 820 2908 B,
846 2823 945 2893 veluti
969 2844 1067 2920 grave
1087 2826 1121 2894 in
1142 2823 1330 2912 Cycloide,
1353 2846 1391 2898 ut
1414 2824 1536 2921 pressus
1558 2828 1600 2898 ab
1624 2830 1659 2898 A
1682 2828 1724 2898 ad
1748 2829 1895 2915 u‚xvt.

269 2932 330 3003 lint
349 2927 391 2998 ad
415 2947 470 2996 eas
489 2926 533 2993 ab
556 2922 586 2994 F
607 2921 650 2993 ad
674 2920 729 3004 B,
754 2921 801 2990 uri
818 2919 968 2990 distantia
992 2919 1085 3004 ΑΒ,
1109 2920 1152 2990 ad
1173 2919 1253 2993 FB.
1749 2958 1752 2963 ·
1812 2929 1930 3005 riga..

318 3027 423 3118 Super
450 3017 568 3093 ΑΒΙ)
603 3018 800 3090 describetur
821 3016 1039 3088 semicirculus
1056 3014 1275 3107 AHlLD,
1307 3022 1343 3091 in
1367 3020 1458 3114 eujus
1482 3021 1664 3117 peripheria
1690 3028 1805 3097 conci·

270 3128 399 3220 piamus
418 3139 539 3213 corpus
561 3116 649 3190 aliud
676 3117 803 3187 moveri
825 3133 921 3186 motu
943 3112 1097 3187 uniformi
1121 3111 1159 3187 dt
1181 3137 1220 3188 ea
1242 3119 1436 3204 velocitate,
1461 3141 1498 3191 ut
1521 3141 1687 3215 percurrat
1710 3121 1804 3194 semi·

272 3218 488 3316 peripheriam
516 3212 707 3287 AHlLD.
740 3211 859 3284 eodem
896 3233 1070 3307 tempore,
1102 3235 1141 3285 ac
1176 3236 1295 3311 corpus
1327 3217 1467 3309 primum
1501 3221 1659 3311 percurrit
1682 3222 1804 3294 tedium

273 3315 419 3392 ABDa
452 3336 520 3387 tum
553 3310 962 3408 partes-semiperipheriat
988 3308 1167 3384 AHlLD
1195 3311 1327 3409 possunt
1351 3310 1414 3383 elle
1439 3315 1596 3387 mensurae
1620 3317 1801 3411 temporis,
1879 3363 1885 3373 ·
1923 3364 1933 3379 -

273 3415 419 3505 illudque
444 3409 688 3508 representare:
713 3408 786 3500 Jam
807 3430 851 3485 ex
873 3410 1022 3500 patuis,
1047 3408 1098 3498 F,
1124 3409 1180 3496 C,
1205 3412 1239 3483 in
1262 3412 1349 3483 retia
1373 3409 1513 3499 ABD,
1538 3416 1700 3510 erigantur
1725 3437 1800 3509 per·
1945 3443 1953 3452 ·

272 3511 498 3610 pendiculares
523 3504 627 3591 FH,
662 3504 729 3577 Cl.
756 3502 936 3599 Capiantur
966 3509 1000 3578 in
1023 3496 1207 3601 peripheria
1232 3528 1338 3603 partes
1362 3511 1502 3602 equales
1527 3511 1707 3584 admodum
1732 3517 1801 3585 exi-
1944 3568 1953 3583 .

275 3633 349 3710 guae
373 3607 461 3692 ΗΒ,
484 3607 543 3691 Η,
568 3601 878 3700 diesparisan,
903 3607 942 3691 i,
967 3604 1175 3701 dimittantur·
1190 3605 1475 3699 perpendiculares
1497 3609 1521 3682 h
1521 3609 1553 3706 f
1556 3660 1568 3696 ,
1591 3614 1607 3681 ἱ
1609 3634 1652 3708 g,
1678 3611 1803 3684 ducan-

274 3729 328 3783 tur
353 3703 412 3777 Hl
423 3755 434 3788 ,
462 3702 547 3790 lm,
572 3701 730 3797 petallelae
752 3701 795 3772 ad
817 3698 965 3795 ABD,
986 3699 1163 3799 jungantur
1186 3702 1294 3791 BH,
1327 3702 1389 3776 Bl.
1439 3705 1658 3802 Concipiatur
1682 3730 1804 3801 corpus

298 3823 461 3876 ercurrere
484 3822 590 3895 partes
609 3799 706 3885 AF,
731 3798 826 3887 FC,
851 3800 1053 3895 tenporibus
1074 3798 1172 3890 ΑΗ,
1196 3801 1277 3890 Hl,
1303 3822 1374 3885 turn
1398 3808 1599 3900 temporibus
1623 3804 1803 3895 aequalibus

274 3829 364 3983 iia,
389 3901 441 3983 li,
467 3912 693 3995 percutientur
715 3918 821 3993 partes
853 3898 885 3973 F
885 3897 931 3994 f,
957 3896 1027 3995 Cg.
1054 3903 1224 3995 quae-quia
1248 3902 1428 3975 admodum
1452 3904 1578 4000 exiguae
1604 3901 1704 3987 sunt,
1728 3923 1802 3997 ¹¹¹0‘.

278 4021 314 4071 tu
345 3999 493 4088 aequabili
522 4017 773 4091 percurruntur:
807 3995 986 4067 celeritates
1012 4018 1093 4097 ergo
1124 4000 1159 4071 in
1192 4003 1320 4094 putastis
1346 4000 1374 4072 F
1400 3998 1436 4071 dt
1462 4001 1520 4086 C,
1554 3999 1627 4073 sunt
1650 4003 1697 4071 uti
1721 4000 1752 4073 F
1751 3999 1801 4095 f,

278 4095 457 4195 Cg,qua2
483 4093 552 4165 suut
572 4097 655 4165 inter
684 4094 716 4165 se
738 4097 785 4165 uti
805 4092 877 4165 ΓΗ
900 4093 942 4164 ad
967 4093 1040 4168 Cl.
1089 4093 1178 4173 Nam
1205 4096 1385 4196 Triangula
1409 4097 1548 4188 HBF,
1582 4096 1695 4185 ilat,
1727 4098 1801 4174 sunt

280 4195 419 4277 similia,
450 4190 598 4285 adeoque
629 4189 737 4278 FH,
769 4189 872 4264 HB:
897 4189 1018 4282 alls,
1048 4191 1123 4267 Hb.
1173 4195 1277 4266 Simili
1311 4197 1415 4267 modo
1446 4196 1517 4269 sunt
1550 4197 1660 4270 similla
1686 4195 1800 4287 ClB,

280 4295 389 4383 iim,
424 4292 550 4381 eritque
574 4287 657 4378 ei,
693 4290 746 4362 lli
763 4314 799 4360 r:
822 4291 906 4379 lm,
940 4290 988 4364 Ii.
1039 4290 1105 4363 Sed
1137 4295 1337 4365 incrementa
1369 4295 1568 4368 celeritatum
1595 4299 1800 4392 temporibus

281 4389 459 4463 admodum
481 4388 605 4484 exiguis
626 4386 802 4479 equalibus
826 4393 860 4462 in
882 4391 1009 4485 punitis
1035 4388 1083 4479 F,
1109 4388 1163 4481 C,
1188 4388 1260 4461 sunt
1283 4393 1329 4464 uti
1355 4391 1476 4488 pressus
1500 4414 1673 4492 operantes
1697 4395 1805 4466 inhia

280 4488 435 4589 punitis,
467 4482 614 4584 quisunt
638 4487 686 4559 ud
706 4484 769 4577 th,
792 4492 877 4581 ani,
903 4490 978 4583 quia
997 4486 1055 4582 be
1081 4486 1152 4564 sunt
1176 4484 1365 4567 disserenda:
1391 4490 1591 4570 celeritatum
1615 4496 1649 4566 in
1672 4491 1802 4657 9⁰¹¹}ss

1747 4666 1753 4673 .
1788 4630 1802 4679 r
