4282 5962
327 309 410 411 296
541 291 1655 393 nnntncsnrcrrnrn.

328 494 501 591 percellit,
531 514 568 565 ut
594 491 682 561 illice
703 487 915 583 aufugerint,
943 506 1009 554 nec
1040 483 1125 574 palla
1152 485 1210 555 bnt
1242 485 1273 556 se
1296 486 1395 559 altera
1419 495 1491 564 vice
1517 500 1617 593 tangi.
1670 500 1843 582 Coronam

327 596 462 666 fecimus
497 588 643 661 manibus
673 607 735 657 nos
766 582 961 673 complexi,
1007 580 1097 653 silum
1131 580 1271 653 ferreum
1306 605 1440 681 tangens
1471 611 1571 665 unum
1601 599 1752 688 perculsit
1781 626 1844 677 nos

326 713 451 762 omnes.

374 805 404 903 ς.
429 802 699 880 DCCCCXV.
724 798 807 872 Non
832 818 938 873 tamen
959 799 1083 892 semper
1108 801 1141 870 in
1172 800 1340 877 altitudine
1372 804 1442 876 caeli
1466 808 1550 882 600.
1578 813 1701 904 pedum
1726 843 1745 891 a
1770 823 1844 896 sole

311 904 524 976 Eleilricitas
542 905 575 974 in
589 901 748 975 Dracone
771 896 900 971 volante
916 896 1119 970 observatur:
1144 918 1220 971 nam
1244 902 1306 970 Ae.
1336 919 1438 994 1757.
1462 907 1572 979 medio
1599 910 1740 1010 Augusti
1767 920 1845 1011 Spi-

322 1022 413 1072 rante
434 1001 567 1072 modico
589 998 702 1072 Vento
725 995 922 1088 Aquilone,
952 994 1035 1067 caelo
1065 997 1207 1067 nubibus
1227 994 1405 1085 obdudko,
1430 997 1619 1078 Draconem
1644 1013 1716 1101 post
1740 1020 1843 1086 meri·

316 1099 409 1169 diem
429 1098 580 1171 Nortvici
609 1099 643 1168 in
665 1096 766 1167 almm
791 1093 962 1165 misimus:
994 1091 1086 1164 nullo
1110 1090 1343 1166 Eleutricmtn
1370 1095 1465 1193 signo
1496 1122 1693 1194 apparente:
1726 1113 1844 1203 postea

310 1194 434 1286 pluere
455 1197 576 1287 caepit,
601 1193 655 1266 sed
678 1190 758 1264 nihil
779 1189 990 1262 eleetrlcitatis
1013 1186 1193 1263 eolledtum
1215 1191 1285 1262 suit.

313 1334 317 1343 ·
368 1293 473 1364 Anno
504 1292 608 1386 1756.
638 1289 837 1383 Septembris
866 1291 983 1361 oslava
1012 1285 1105 1360 Nob.
1134 1284 1246 1359 Edens
1278 1287 1428 1381 Spirante
1450 1294 1618 1385 Aquilone
1644 1300 1841 1381 Draconem

313 1392 384 1461 adri
404 1389 528 1461 sublimi
555 1388 734 1474 commisit,
756 1384 1003 1481 quoquoversus
1024 1387 1110 1456 circa
1131 1383 1336 1456 horizontem
1361 1408 1429 1459 erat
1453 1396 1580 1478 nubes,
1607 1395 1660 1468 sed
1685 1401 1779 1472 nullae
1804 1408 1843 1476 in

312 1487 430 1558 medio
449 1486 541 1570 caeli,
573 1506 643 1557 tum
665 1488 707 1556 ab
732 1484 813 1555 hora
836 1485 949 1575 quinta
970 1481 1011 1553 ad
1036 1480 1155 1553 sextam
1182 1482 1308 1553 nullum
1328 1485 1485 1559 indicium
1509 1489 1740 1568 Eleetncitatis
1763 1498 1839 1573 suit.

311 1583 485 1654 ‘Interdum
509 1585 636 1667 evenit,
661 1601 698 1652 ut
718 1603 823 1673 parvae
846 1579 929 1651 albae
946 1580 1049 1650 nubes
1063 1577 1232 1665 advolent,
1255 1580 1481 1675 transeuntque
1508 1586 1599 1678 supra
1623 1589 1839 1684 Draconem,

309 1702 390 1775 quae
411 1679 650 1749 eleehr'eitatem
674 1676 744 1770 ejus
767 1678 941 1750 minuunt:
972 1673 1090 1746 Nubes
1116 1676 1292 1748 nonnullas
1315 1676 1540 1753 Eleuncitatis
1564 1706 1714 1778 expertes
1739 1697 1840 1764 etiant

311 1776 492 1850 observavit
514 1773 688 1848 Cantonus
715 1774 809 1869 (a).
832 1772 912 1844 tales
934 1773 1023 1843 albas
1042 1771 1122 1843 vidit
1149 1774 1247 1843 etiam
1271 1773 1367 1846 Nob
1390 1775 1433 1845 de
1459 1777 1611 1854 Romae:
1643 1786 1722 1857 ideo
1749 1790 1840 1861 elec·

310 1879 433 1948 tricitas
453 1876 487 1944 in
510 1876 549 1945 iis
571 1872 643 1944 caeli
663 1872 745 1943 locis
772 1890 841 1942 turn
867 1868 992 1960 aliquot
1018 1868 1159 1940 Minutis
1176 1868 1276 1957 filet,
1300 1871 1352 1942 vel
1375 1892 1417 1941 ex
1440 1876 1514 1943 aire
1538 1879 1584 1947 ibi
1599 1880 1707 1950 abest.
1759 1885 1840 1955 Ple-

166 2046 170 2051 .
308 1994 451 2063 rumque
479 1992 587 2043 tamen
610 1990 686 2041 atrae
700 1971 805 2040 nubes
819 1965 1046 2039 Eleeiricitatis
1059 1964 1130 2036 sunt
1148 1965 1267 2057 plenae.
1310 1964 1438 2062 Magne
1453 1971 1578 2057 nubes,
1601 1978 1723 2047 etiamsi
1756 2001 1841 2069 pro·

309 2069 366 2143 cul
388 2070 495 2140 adhue
518 2089 538 2137 a
562 2068 724 2140 Dracone
748 2065 891 2148 distans,
915 2064 1155 2134 eleetricitatem
1177 2062 1333 2150 advehit,
1358 2085 1433 2155 quae
1455 2067 1658 2158 intenditur,
1684 2095 1753 2164 quo
1777 2098 1842 2150 nu.

311 2170 369 2238 bes
392 2169 526 2258 propius
545 2163 725 2237 accesserit:
751 2164 922 2234 remittitur
939 2157 1113 2230 recedente
1132 2160 1234 2233 nube.

363 2262 523 2358 Quamvis
542 2262 668 2334 nullum
686 2258 840 2350 procellae
867 2259 904 2327 srt
927 2255 1103 2338 indicium,
1122 2256 1229 2328 modo
1253 2279 1380 2354 magnae
1403 2260 1439 2330 in
1463 2260 1547 2333 eaelo
1567 2264 1708 2339 ⁴volitent
1731 2271 1837 2343 nube,

312 2365 420 2437 ventis
444 2358 582 2431 adversis
605 2359 788 2454 agitentur,
813 2354 930 2425 caelum
953 2350 1000 2421 est
1027 2349 1120 2422 valde
1146 2352 1344 2425 eleelricum.

304 2484 307 2489 ·
359 2456 506 2554 Quando
540 2454 675 2527 malacia
707 2449 864 2545 precellit
892 2449 1063 2543 pluviam,
1098 2445 1137 2525 δε
1158 2446 1353 2523 elestricitus
1377 2451 1500 2526 intensa
1524 2456 1680 2550 advenit,
1719 2484 1836 2539 ventus

309 2556 452 2643 sequitur
474 2550 686 2639 impetuosus.
1159 2570 1164 2579 ·
1620 2572 1624 2577 ·

358 2644 505 2739 Quando
527 2643 644 2712 caelum
667 2647 799 2732 penitus
818 2640 996 2726 humescit,
1021 2644 1129 2711 omnis
1150 2641 1340 2712 eleiin‘citas
1364 2645 1529 2719 dormitat.

355 2757 388 2856 s,
414 2754 696 2830 DCCCCXVI.
724 2756 783 2826 An
811 2774 853 2823 ex
878 2751 928 2822 his
950 2753 1234 2841 observationibus,
1253 2775 1324 2826 tuto
1348 2758 1460 2854 colligi
1484 2784 1551 2834 non
1576 2773 1708 2859 potest,
1733 2774 1835 2848 Elec·

306 2859 475 2929 tricitatem
497 2873 565 2922 non
585 2853 709 2941 semper
730 2871 791 2940 per
815 2846 1076 2936 Atmosphaemm
1101 2850 1251 2931 niteam,
1276 2850 1379 2923 ubivis
1400 2854 1574 2929 Terrarum
1600 2864 1664 2934 elle
1689 2876 1835 2958 aequabi-

304 2955 377 3026 liter
396 2948 624 3023 distributam?
674 2945 740 3016 Sed
762 2944 953 3037 plerumque
981 2945 1015 3013 in
1039 2943 1143 3040 plagis
1163 2944 1353 3017 editioribus
1375 2947 1440 3019 esse
1471 2956 1715 3046 copiosiorem,
1751 2966 1832 3038 licet

303 3057 339 3126 ln
369 3053 408 3124 iis
439 3050 494 3121 air
525 3046 563 3118 stt
594 3045 704 3118 rarior.
753 3041 808 3114 Et·
821 3060 864 3111 an
898 3048 968 3111 non
995 3039 1139 3111 ex'loc'e
1168 3040 1339 3114 inlocum
1363 3043 1695 3141 lluitEleiiticitas,
1730 3059 1829 3133 instar

303 3151 422 3229 venei,
455 3145 507 3216 sed
530 3141 744 3241 irregulariter
767 3138 900 3224 flantis,
930 3132 967 3207 dt
998 3139 1223 3210 circumnediit
1253 3139 1411 3211 nonnulla
1435 3162 1576 3235 corpora
1598 3146 1743 3223 incaelo
1768 3179 1830 3226 na·

304 3247 404 3316 ,antra
423 3235 561 3337 largius,
587 3241 633 3307 uti
650 3236 754 3307 nubes
768 3254 870 3319 atras,
895 3233 955 3304 alia
971 3237 1121 3326 parcius,
1145 3237 1193 3304 uti
1218 3236 1322 3337 nubes
1345 3237 1460 3310 albasi
1499 3240 1546 3312 Et
1561 3252 1610 3316 'an
1636 3269 1705 3321 non
1730 3252 1830 3326 inter·

302 3341 380 3412 dum
411 3340 444 3408 in
477 3333 705 3426 Annogphaem
737 3331 808 3403 funt
837 3328 943 3426 plagae
971 3331 1083 3422 aliquo
1112 3336 1262 3423 ternpore
1290 3331 1504 3408 eleeiricitatis
1532 3360 1711 3433 expertes,
1752 3371 1827 3440 quaa

302 3435 420 3533 deinde
455 3435 574 3507 iterum
609 3427 807 3525 implentur?
857 3425 1003 3500 Ubinam
1032 3425 1079 3497 est
1109 3426 1281 3524 Scaturigo
1303 3426 1557 3523 Elediricitatis,
1587 3460 1631 3510 an
1654 3445 1688 3514 in
1714 3440 1827 3520 Tenae

300 3526 498 3605 visceribus?
551 3527 610 3601 An
628 3526 671 3599 'in
691 3524 833 3618 quadam
859 3525 994 3618 regione
1016 3523 1264 3615 Atmosphaerae'
1279 3528 1410 3601 aerea?
1448 3527 1527 3604 Hoc
1548 3532 1718 3631 hucusque
1742 3543 1829 3627 bene

302 3629 506 3724 exploratum
528 3646 597 3697 non
620 3623 695 3696 est:
729 3622 807 3694 licet
834 3641 904 3692 non
935 3641 1056 3717 negem
1086 3619 1262 3712 plurimis,
1294 3622 1412 3697 finon
1438 3631 1590 3703 omnibus
1614 3640 1827 3729 corporibus,

301 3748 377 3821 quae
395 3724 503 3819 jacent
524 3725 559 3797 in
581 3743 664 3795 areae
691 3718 761 3791 solo
781 3768 797 3825 ,ι
820 3714 1080 3791 Elediricitatem
1101 3717 1228 3805 inesse,
1254 3717 1296 3791 ἃ
1321 3722 1447 3817 ingredi
1471 3727 1505 3795 in
1528 3730 1692 3803 machinas
1718 3731 1753 3804 dt
1779 3741 1829 3811 in·

301 3824 494 3910 strumenta,
520 3843 595 3913 quae
617 3837 779 3892 teruntura
804 3835 944 3887 amanen
971 3815 1075 3907 major
1092 3812 1141 3885 est
1165 3814 1234 3906 ejus
1258 3820 1375 3907 copia,
1402 3821 1532 3908 quando
1558 3826 1714 3897 machinae
1740 3830 1824 3907 stant

301 3923 338 3992 in
358 3920 550 4019 pavimentis
570 3917 593 3987 li
641 3919 714 4002 eis,
748 3912 905 4001 elevatis,
942 3907 978 3983 dt
1007 3912 1066 3985 sub
1091 3908 1210 4001 quibus
1235 3910 1284 3983 est
1305 3933 1420 4009 magra
1444 3920 1586 4005 cavitas,
1616 3940 1691 4012 quae
1716 3928 1826 4004 adrem

299 4022 449 4095 condiret
469 4019 504 4087 in
526 4034 578 4083 rna
603 4035 623 4083 a
647 4008 802 4095 notabili,
828 4030 925 4100 quarn
950 4028 1026 4081 cum
1048 4006 1131 4080 llant
1153 4009 1187 4078 in
1212 4007 1281 4079 solo
1306 4008 1442 4081 terrestri
1465 4012 1518 4082 vel
1541 4013 1684 4109 lapideo.

300 4136 308 4203 ζ
355 4128 387 4225 i,
410 4114 694 4204 Decccxvll.
719 4122 970 4198 Eledlricitatem
986 4129 1020 4198 ln
1038 4116 1269 4217 ldioiledir'ieis
1284 4126 1454 4199 exeltatam
1469 4127 1587 4202 tollunt
1601 4152 1715 4210 omnes
1727 4150 1823 4233 aquei

299 4226 476 4403 {flmmes’
501 4246 569 4297 tum
591 4217 844 4335 &vegetabiles
871 4220 906 4294 &
933 4223 1106 4336 animales,
1131 4222 1326 4327 extrinsecus
1345 4224 1397 4297 vel
1420 4225 1609 4343 intrinsecus
1627 4230 1726 4346 allici,
1750 4256 1821 4358 turp

298 4394 307 4441 Ι
335 4343 417 4433 rua,
442 4325 568 4409 Aeeta,
593 4318 731 4413 Spiritus
754 4317 930 4411 Stillatttu,
957 4319 1125 4427 Balsama,
1151 4318 1237 4425 Qlea
1260 4318 1408 4447 quedam
1433 4322 1619 4417 Sollentia,
1644 4326 1820 4431 Pinguem.

319 4474 324 4485 ,
952 4488 955 4493 .
1055 4446 1058 4451 ’
1752 4454 1821 4509 nes.

299 4524 399 4666 ¹(e)
418 4534 694 4647 subterranea
712 4578 848 4657 volae.
870 4528 1050 4667 nemisse.
1174 4528 1206 4645 r,
1291 4530 1295 4539 ¹
