4538 6072
539 311 613 416 rsa
863 307 923 392 u
978 303 1017 389 m
1074 389 1075 394 r
1126 304 1171 394 a
1219 303 1261 386 Τ
1312 301 1446 388 ra
1498 303 1520 388 1
1577 305 1855 394 rum·

535 503 692 598 ponderis
711 499 898 590 movendi,
927 503 975 574 uti
996 503 1030 573 in
1054 500 1282 591 experimentis
1308 496 1402 592 supra
1422 498 1617 594 descriptum
1641 501 1731 588 fait,
1764 501 1849 574 adeo
1872 521 1910 576 ut
1932 503 2063 597 pondua

536 603 627 694 quod
643 601 689 674 est
704 604 737 672 in
753 597 935 690 aquihbrio
954 621 1032 670 cum
1055 593 1089 668 is
1114 619 1198 689 400.
1219 616 1343 668 tanttun
1365 599 1491 671 moveri
1515 597 1610 690 poilit
1633 621 1699 692 ape
1722 594 1759 670 iis
1786 621 1871 694 500.

583 700 715 796 Magno
749 697 857 768 attritu
883 699 980 768 ctiam
1005 695 1168 789 subjicitur
1191 693 1359 781 Cuneus,
1383 699 1525 769 maximo
1550 718 1658 770 autem
1683 697 1863 784 Cochlea,
1890 702 1966 794 quia
1989 697 2062 771 dure

536 797 722 881 Cochieae,
746 814 821 884 que
843 792 935 887 supra
957 793 988 864 se
1011 811 1209 881 vertuntur,
1232 781 1411 866 admodum
1434 793 1498 866 iata
1523 793 1690 888 superficie
1715 795 1748 870 ie
1772 799 2000 894 contingunt,
2024 791 2060 868 dc

534 895 743 968 vehementer
761 891 818 962 sibi
842 895 1077 985 apprimuatur.
1638 899 1642 911 '

584 1007 617 1108 d.
643 1003 812 1080 DXXiX.
837 1005 1196 1100 Aliquandoattritum
1220 1009 1319 1078 animi
1342 1005 1478 1078 consilio
1503 1025 1686 1102 augemus,
1711 1027 1788 1080 cum
1813 983 1962 1084 machina
1987 1009 2068 1088 esset

534 1111 631 1182 nimis
652 1105 806 1200 proclivis
823 1104 866 1176 ad
886 1122 1034 1191 motum,
1058 1104 1112 1178 vel
1131 1101 1200 1194 ejus
1222 1123 1333 1174 motus
1356 1105 1532 1194 prudenter
1557 1101 1593 1175 δι
1617 1105 1819 1199 pedetentim
1834 1105 2065 1194 infrenandum

534 1208 636 1280 veluti
652 1221 862 1275 cumeanus
886 1201 905 1274 ὲ
925 1203 1055 1275 devexo
1079 1219 1195 1273 monte
1219 1205 1253 1273 in
1277 1205 1379 1272 imum
1404 1200 1450 1271 est
1474 1201 1733 1292 protrahendus,
1757 1203 1861 1274 ambae
1888 1223 1969 1276 rotae
1984 1223 2004 1275 a
2018 1205 2075 1277 ia··

532 1325 601 1376 tere
628 1286 747 1374 endem
767 1321 879 1372 currus
901 1303 1140 1373 conceduntur
1160 1319 1294 1386 catena,
1319 1301 1363 1370 ita
1387 1300 1474 1370 circa
1498 1319 1574 1370 axes
1599 1321 1681 1372 rotae
1704 1303 1983 1394 vertinequeunt,
2010 1301 2064 1374 sed

416 1423 423 1437 ’
535 1421 682 1475 teruntur
707 1401 741 1470 in
767 1400 840 1483 via,
857 1419 960 1471 ⁴curru
981 1397 1048 1490 jam
1072 1397 1288 1470 descendente
1303 1400 1350 1468 uti
1371 1399 1406 1470 itr
1430 1395 1530 1487 plano
1555 1397 1648 1468 molli
1668 1397 1838 1470 inclinato.
1887 1397 1986 1470 Mola
1999 1402 2061 1471 cir·

531 1502 678 1572 cumasia
703 1519 723 1568 a
744 1513 844 1568 vento
862 1496 996 1581 fistitur,
1022 1495 1155 1586 quando
1172 1496 1305 1568 trochus
1326 1495 1454 1591 ligneus
1478 1496 1564 1565 circa
1588 1515 1713 1580 rotam,
1739 1517 1813 1587 quae
1838 1495 1959 1568 alarum
1978 1501 2064 1570 axim

531 1599 655 1682 ambit,
680 1591 927 1684 circumjicitur,
952 1614 971 1664 a
997 1592 1089 1684 cujus
1110 1595 1218 1663 attritu
1243 1589 1471 1666 obdormiscit:
1497 1591 1610 1667 Simile
1634 1593 1715 1686 quid
1738 1593 1940 1668 observatum
1961 1593 2007 1668 cll
2030 1598 2064 1668 iu

536 1694 630 1766 Grue
656 1691 828 1775 Padmori,
857 1687 949 1760 &in
976 1688 1123 1762 Geranio
1149 1689 1335 1761 Mochlide.

583 1803 614 1902 5.
640 1799 857 1874 Diiitiirin
878 1800 1067 1886 Machinis,
1091 1823 1166 1892 quae
1179 1823 1235 1874 aut
1254 1802 1349 1875 funes
1371 1802 1561 1892 involvunt,
1586 1821 1643 1874 aut
1657 1823 1723 1893 ope
1739 1803 1866 1877 funium
1882 1811 2063 1905 egmnus,

531 1923 688 1996 praeterea
705 1898 938 1972 cotuidemnda
958 1901 1005 1971 aii
1026 1897 1355 2000 inniunsigiditas,
1390 1923 1463 1995 qua
1493 1925 1562 1974 non
1588 1905 1747 1996 exiguum
1770 1905 1877 1973 motui
1900 1907 2065 1980 machina·

532 2023 605 2073 rutn
622 1997 894 2090 impedimentum
915 1996 1027 2070 affert:
1054 1997 1181 2072 Primus
1204 2002 1351 2074 erramina
1367 1999 1502 2072 instituit
1526 1997 1762 2072 Amontonfius
1788 1998 1894 2094 (a),
1918 2025 2067 2097 quaepne

531 2098 600 2170 stea
630 2100 812 2170 accuratius
834 2119 854 2167 a
878 2090 967 2168 Desa
1012 2096 1106 2167 lierio
1134 2101 1272 2188 repetita
1305 2098 1376 2170 sunt
1403 2097 1515 2195 (b),
1549 2117 1716 2190 nunquam
1749 2116 1857 2170 tamen
1882 2100 2071 2186 constantes

531 2197 695 2268 dabuntur
708 2194 852 2290 regula,
876 2195 953 2287 quia
964 2117 1092 2266 {unium
1104 2195 1249 2291 rigiditas
1266 2193 1284 2266 i
1299 2196 1427 2269 divetis
1442 2196 1566 2290 pendet
1577 2193 1832 2268 circumstantiis.
1890 2203 1938 2266 1⁰.
1962 2196 2068 2269 Prout

531 2293 699 2367 Cannabis
726 2290 858 2378 differt,
883 2313 924 2365 cx
945 2293 1010 2382 qui
1030 2290 1125 2364 funes
1146 2294 1324 2365 ducuntur:
1349 2317 1426 2367 nam
1450 2317 1519 2388 quo
1544 2293 1711 2366 Cannabis
1735 2292 1851 2363 melius
1877 2289 1914 2364 ἃ
1938 2296 2069 2365 terruitrs

531 2391 579 2462 est
599 2392 794 2474 carminata,
818 2389 874 2459 fila
895 2389 971 2458 duci
994 2387 1129 2477 possunt
1148 2389 1341 2460 flexibiliora
1367 2389 1404 2460 dc
1428 2393 1596 2461 molliora:
1621 2409 1691 2477 quo
1716 2389 1869 2458 cannabis
1893 2394 2002 2460 minus
2018 2387 2067 2460 est

530 2489 732 2569 camminata,
765 2483 819 2553 iila
841 2501 938 2553 erunt
961 2481 1200 2554 inflexibiliora.
1259 2495 1313 2556 2⁰.
1340 2483 1492 2556 Restiarii
1517 2505 1558 2556 ex
1583 2481 1728 2556 cannabe
1753 2481 1808 2552 fila
1841 2483 1966 2556 ducunt
2000 2505 2066 2557 tor·

534 2582 669 2677 quaudo
691 2579 789 2652 fibras
814 2582 847 2651 in
872 2578 1068 2667 rotundum,
1094 2602 1163 2671 quo
1184 2582 1337 2654 cannabis
1361 2579 1464 2656 laxius
1483 2599 1675 2674 torquetur,
1701 2579 1793 2650 filum
1810 2578 1856 2650 est
1872 2579 2066 2673 flexsssilius,

533 2701 602 2774 quo
626 2677 851 2752 vehementius
872 2697 1064 2767 torquetur,
1089 2678 1223 2774 rigidius
1246 2677 1293 2750 est
1316 2679 1418 2752 filum.
1471 2697 1522 2774 3⁰.
1546 2677 1601 2748 Ex
1626 2677 1688 2749 filis
1709 2676 1777 2772 jam
1792 2679 1898 2750 dusiis
1915 2679 2064 2770 duobus,

532 2779 655 2868 trihus,
682 2794 863 2867 quatuorve
885 2774 978 2846 imni
1000 2773 1134 2864 sumn's,
1160 2777 1348 2870 torquendo
1372 2775 1546 2850 conficitur
1568 2774 1676 2848 funis:
1702 2795 1777 2867 quae
1803 2773 1857 2846 iiia
1873 2795 2065 2870 torquentur
2098 2782 2100 2790 ’

532 2927 683 3002 breviora
710 2922 792 2995 fiunt
813 2926 864 3048 ξ’
893 2922 987 3046 {Vel
1009 2943 1142 3053 {parte
1165 2926 1265 2997 totius
1288 2924 1531 3024 longitudinis,
1556 2945 1626 3018 quo
1652 2924 1754 3021 magis
1779 2929 2000 3041 torquentur,
2025 2949 2068 3004 eo

532 3075 608 3172 pius
629 3073 876 3160 abbreviantur,
901 3069 1039 3163 suntque
1062 3072 1157 3146 funes
1182 3073 1348 3146 duriores:
1375 3097 1443 3167 quo
1468 3075 1576 3146 minus
1591 3088 1802 3162 torquentur,
1827 3075 1935 3144 minus
1949 3077 2067 3150 abbre-

533 3173 678 3260 manat,
705 3167 741 3242 ht
765 3189 835 3241 turn
859 3166 931 3239 sunt
950 3166 1045 3240 funes
1069 3168 1210 3243 laxiores
1235 3167 1271 3242 ht
1293 3169 1518 3244 flexibiliores:
1543 3169 1638 3242 funes
1661 3166 1823 3284 laxi-sunt
1846 3169 1980 3260 quidem
2003 3175 2064 3244 mis

535 3267 935 3454 iitiiiiiiibii
951 3265 1584 3458 iiiiiiiiiiidiiiiiii
1601 3265 2071 3462 iiiii‘hiiiaiiic

430 3476 437 3482 '
535 3463 665 3546 venda,
700 3463 841 3558 eligendi
860 3463 932 3535 sunt
951 3461 1046 3536 funes
1069 3462 1142 3535 satis
1167 3462 1297 3550 fortes,
1323 3483 1432 3538 tamen
1465 3485 1533 3535 non
1557 3463 1653 3534 nimis
1680 3459 1796 3549 crassi,
1830 3481 1867 3533 ut
1891 3468 2007 3540 minori
2032 3467 2063 3538 vi

533 3563 683 3656 potentia
706 3561 837 3652 pondus
861 3560 1010 3634 sustineat
1032 3562 1085 3636 vei
1106 3561 1216 3636 tollat:
1241 3561 1373 3634 firmitas
1387 3561 1515 3634 funium
1530 3559 1649 3632 addisci
1664 3561 1786 3653 poterit
1798 3563 1832 3632 in
1850 3560 1933 3654 Cap.
1950 3563 2062 3640 xxii.

480 3711 481 3714 ,
538 3661 581 3732 de
603 3657 828 3732 Coltaerentia:
854 3659 947 3733 Solet
968 3657 1097 3750 autdm‚
1122 3660 1235 3754 politis
1261 3659 1393 3755 reliquis
1420 3659 1602 3748 similibus,
1627 3659 1770 3756 rigiditas
1794 3657 1858 3730 eise
1881 3662 1917 3732 in
1941 3667 2066 3738 ratione

537 3756 765 3843 craffitierum3
817 3779 868 3852 5⁰·
900 3755 1151 3834 Observandum
1185 3781 1320 3854 quoque
1353 3761 1431 3845 est,
1465 3759 1662 3831 sunem'eise
1687 3756 1872 3847 duriorem,
1900 3781 1968 3851 quo
1987 3766 2066 3855 plus

536 3856 646 3932 anans
665 3854 842 3952 appendet.
894 3857 945 3930 60.
970 3856 1072 3956 Funis
1088 3881 1193 3933 novus
1210 3859 1347 3956 rigidior
1370 3859 1436 3945 esi,
1463 3879 1561 3947 quam
1586 3861 1643 3951 qui
1668 3849 1781 3938 diu&
1807 3853 1890 3948 sape
1914 3858 1948 3926 in
1974 3861 2066 3932 usum

536 3951 784 4056 portasius,
816 3959 894 4047 quia
917 3953 975 4025 usu
997 3957 1094 4027 evaiit
1115 3957 1274 4050 longior,
1306 3953 1428 4026 helices
1452 3952 1619 4050 longiores
1643 3955 1741 4041 sunt,
1773 3953 1884 4048 rigida
1908 3960 2063 4030 cannabis

536 4067 646 4144 partes
671 4051 764 4125 flexa
785 4052 838 4141 vel
863 4069 966 4143 ruptae
988 4048 1145 4138 suerunt,
1169 4050 1246 4121 ideo
1271 4047 1463 4123 inachim
1488 4053 1648 4128 difficilius
1679 4057 1713 4127 in
1737 4054 1898 4146 principio
1924 4077 1990 4148 ope
2015 4057 2065 4128 fu·

536 4153 630 4226 nium
652 4152 776 4222 moveri
798 4147 915 4238 poffit,
941 4151 1097 4238 temporis
1120 4145 1261 4220 successu
1284 4141 1409 4219 facilius
1433 4153 1614 4248 agitabitur.
1665 4173 1716 4239 7⁰.
1741 4149 1920 4243 Funesqui
1937 4156 2063 4228 brevio·

537 4248 566 4343 ri
589 4251 726 4320 circuitu
747 4245 921 4317 fleetuntur
929 4297 940 4336 ,
966 4245 1072 4318 multo
1097 4246 1201 4343 magis
1225 4245 1389 4334 resiliunt,
1416 4273 1514 4344 quam
1536 4255 1654 4347 quibus
1678 4249 1819 4344 amplior
1841 4250 1886 4323 est
1909 4251 2063 4342 inflexio,

535 4345 568 4382 '·
1987 4350 2064 4423 ideo

581 4517 637 4598 (a)
659 4515 813 4579 l’Hlstoire
836 4520 872 4581 de
893 4519 1008 4583 i'Acatl.
1029 4487 1108 4600 Rop.
1130 4523 1182 4586 Aa.
1204 4467 1296 4596 idua
1432 4543 1433 4549 ¹
1464 4493 1469 4506 .

579 4604 640 4682 (i)
660 4598 768 4664 course
790 4597 826 4663 oi
842 4601 991 4680 asperim.
1012 4603 1185 4687 philosoph.
1209 4605 1325 4682 Vni-ur.
1346 4605 1426 4678 Lari.
1439 4620 1492 4680 μ,
