4282 5962
432 294 1550 405 oa'naacratcrrarn.
1696 302 1783 424 ιρι

260 539 332 595 net.
384 513 531 591 Adamas
557 508 666 583 attritu
697 503 866 577 eletlricuv
894 496 931 571 da
960 499 1096 585 lucens,
1131 495 1202 569 solo
1236 503 1353 573 anina
1381 500 1483 577 halitu
1507 509 1691 603 inquinante
1713 511 1781 585 vlm

260 619 445 691 eledlrioam
463 602 733 705 perdia-etiamsi
752 600 863 673 lucere
885 617 1016 695 pergat:
1043 596 1078 666 si
1098 598 1131 667 in
1155 594 1291 691 globum
1316 596 1369 673 vel
1393 601 1509 677 tubum
1532 609 1671 681 vitretan
1696 606 1783 681 elec.

262 720 381 789 uicum
401 712 539 782 animam
557 702 750 774 humentem
772 696 949 781 inflaverit,
973 691 1062 766 illico
1086 690 1207 765 sublata
1230 694 1277 767 eil
1300 696 1528 791 Eledlricitaa,
1553 722 1628 793 qua
1651 706 1735 777 redit
1756 705 1784 777 li

262 810 413 885 sollerter
430 806 530 878 secus
546 798 797 893 nanapellatura
821 790 949 865 Omnes
969 790 1079 863 sordes
1102 790 1184 861 tubo
1207 793 1310 871 vitreo
1334 793 1387 867 vel
1409 795 1513 891 globo
1536 798 1662 891 inJ'edlae
1684 798 1784 873 Elec.

263 910 433 983 tricitatem
452 903 522 973 cito
542 898 684 982 tollunt,
708 890 937 984 excipiendum
960 909 1067 960 tamen
1080 886 1142 965 nell,
1159 886 1303 980 Sulphur
1324 886 1361 965 δι
1383 890 1474 967 Cera
1498 892 1681 993 sigillatis,
1706 916 1782 991 quae

263 1000 365 1079 niusa
385 999 550 1082 intubo,
579 990 698 1065 deinde
715 988 912 1063 adhaerentia
936 988 1071 1059 internae
1102 983 1310 1077 superficiei,
1342 1010 1548 1085 nequaquam
1583 993 1784 1069 eledbicitarl

263 1119 406 1183 nocent,
430 1094 617 1169 assentiente
641 1086 782 1161 Nolleto
807 1080 902 1179 (a).
954 1082 1040 1155 Olea
1065 1086 1172 1156 tenuia
1200 1079 1399 1159 &volatilia
1423 1090 1520 1161 etiam
1544 1112 1613 1165 non
1636 1110 1783 1178 nocent,

265 1198 374 1293 qualia
399 1195 470 1265 sunt
490 1189 578 1262 Olea
606 1188 747 1259 recentia
775 1180 1018 1255 Terebinthinae
1045 1178 1080 1251 bt
1105 1178 1208 1252 Roris
1231 1184 1373 1262 marini·¹

314 1312 367 1367 ιιι.
392 1288 655 1365 Eledirlcitatem
671 1280 790 1353 tollunt
808 1282 978 1351 contadius
1002 1298 1179 1369 corporum
1204 1300 1397 1375 magnorum
1420 1302 1489 1355 non
1521 1280 1781 1373 Elediticotum,

261 1396 333 1467 imo
360 1402 653 1480 quorumcunque,
676 1380 841 1469 precipue
864 1375 886 1446 si
909 1376 1081 1468 aliquoties
1106 1395 1268 1465 repetatur
1289 1376 1481 1453 conradus:
1505 1378 1583 1452 ideo
1608 1382 1783 1455 scollata

263 1490 360 1563 suerit
379 1482 580 1555 Elediricitas
613 1480 648 1550 in
672 1475 773 1565 Aqua
795 1472 847 1544 vel
874 1472 1064 1573 Mercurio,
1088 1475 1122 1543 in
1148 1492 1216 1562 quo
1243 1470 1334 1545 filum
1359 1476 1419 1547 slat
1446 1474 1678 1565 Metallicum,
1702 1478 1787 1575 dlgi

265 1606 317 1657 tus
338 1581 391 1655 vel
410 1576 496 1651 aliud
515 1576 605 1649 tilum
627 1572 826 1643 metallicum
845 1571 945 1660 priori
968 1568 1026 1640 silo
1045 1570 1182 1661 propius
1204 1566 1373 1643 admotum
1389 1570 1636 1647 electricintem
1651 1596 1787 1649 omnem

264 1682 402 1772 abripit,
427 1694 483 1748 aut
505 1673 677 1745 maximam
699 1688 824 1760 partem
843 1717 860 1751 ,-
880 1666 1039 1755 reliquaa
1060 1664 1268 1756 sequentibus
1291 1670 1463 1741 attadlibut
1486 1672 1645 1742 continuo
1668 1672 1786 1761 abrep-

266 1798 318 1864 ta,
347 1778 457 1847 done'c
482 1768 570 1843 nulla
597 1764 737 1859 amplius
761 1762 910 1857 supersit:
933 1758 1013 1835 Hoc
1034 1762 1138 1835 modo
1164 1781 1271 1835 tamea
1294 1760 1500 1841 Eledlticitas
1523 1786 1567 1839 ex
1588 1764 1782 1847 Turmalino

264 1874 333 1947 tolli
355 1892 399 1943 ne
422 1870 480 1938 uit.

314 1980 362 2062 3⁰.
392 1892 627 2039 {ablationes
655 1956 891 2033 nonnullorum
921 1959 1124 2044 hominum,
1174 1956 1295 2049 quibus
1331 1978 1471 2054 corpora
1504 1960 1576 2035 suot
1607 1960 1790 2035 admodum

260 2070 343 2141 laxa.
826 2064 831 2073 '
1635 2116 1639 2121 .

316 2170 368 2252 4⁰.
391 2155 577 2239 Flammae,
598 2156 633 2225 in
656 2155 768 2247 primis
793 2156 852 2244 pin
899 2150 1073 2223 illimorum
1097 2150 1278 2222 ardentium
1303 2173 1510 2244 corporum,
1541 2146 1697 2230 eledlrica
1719 2178 1788 2231 am·

265 2262 414 2333 bientet:
446 2249 536 2325 Nam
565 2253 663 2323 tubus
689 2252 811 2321 vitreus
832 2252 1000 2319 cednicus
1019 2248 1230 2319 admoveatur
1252 2246 1398 2321 flamma
1420 2252 1565 2323 candelae
1588 2250 1642 2326 vel
1666 2254 1789 2347 lampa·

265 2356 337 2437 dis,
360 2346 480 2420 etiamsi
497 2350 532 2415 in
549 2345 695 2415 distantia
714 2365 758 2411 12
784 2344 837 2411 vel
868 2364 910 2433 15
937 2343 1050 2431 pollic.
1074 2341 1241 2428 externplo
1264 2346 1421 2413 minuitur
1444 2347 1497 2416 vel
1522 2348 1645 2418 tollitur
1664 2352 1791 2427 electri·

266 2454 362 2523 citas:
396 2443 456 2519 Cl.
483 2439 639 2511 Nolletus
663 2457 721 2529 30.
744 2434 894 2507 candelas
919 2434 1027 2527 posuit
1049 2437 1085 2506 in
1109 2436 1233 2505 ambitu
1256 2438 1397 2526 circuli,
1426 2438 1519 2531 cujus
1543 2440 1699 2513 diameter
1722 2467 1792 2517 erat

266 2549 345 2619 otio
371 2540 517 2635 pedum,
540 2534 610 2627 ipse
629 2532 714 2603 stans
736 2532 771 2603 in
798 2531 909 2602 medio
927 2532 1042 2602 tubtmr
1066 2530 1123 2601 diu
1149 2526 1185 2599 dt
1208 2529 1418 2605 vehementer
1439 2534 1626 2625 perhimit,
1650 2541 1710 2629 qui
1733 2541 1792 2611 ad·

265 2642 402 2715 modum
422 2652 537 2727 parum
561 2626 736 2701 eledbricus
756 2626 879 2711 evasrt,
903 2630 971 2696 cito
993 2624 1204 2697 evanescente
1227 2630 1320 2699 omni
1344 2624 1593 2717 Eledlricitate,
1618 2624 1696 2721 quae'
1718 2632 1790 2721 leli·¹

266 2744 336 2812 cius
357 2731 505 2806 extinctis
527 2722 670 2797 candelis
697 2722 908 2796 excitabatur.
958 2720 1041 2793 ldeo
1062 2720 1085 2791 st
1104 2724 1204 2790 noelu
1223 2726 1390 2811 capientur
1410 2726 1652 2813 experimenta,
1675 2748 1791 2819 pauca

265 2834 399 2907 ardeant
411 2830 447 2897 in
460 2821 587 2895 cameri
611 2816 758 2891 candelae
779 2836 929 2910 oportet:
953 2814 1044 2889 Nam
1066 2814 1196 2887 flamma
1223 2816 1427 2889 incensorum
1443 2840 1621 2913 corporum
1635 2842 1677 2895 ex
1694 2827 1793 2923 igne,

266 2932 379 3013 oleis,
413 2920 449 2994 u
478 2914 653 3011 vaporibus
684 2913 922 3004 componitur,
954 2932 1028 3005 quae
1058 2910 1303 3005 qroquoversus
1331 2934 1373 2985 ex
1404 2914 1536 2989 flamma
1558 2920 1792 3017 expelluntur,

264 3042 404 3119 vapores
424 3014 633 3107 conspicuam
654 3008 903 3101 annosplraeram
928 3010 1016 3081 circa
1039 3006 1202 3081 dammam
1226 3006 1385 3099 formant,
1408 3012 1445 3085 bi
1467 3034 1606 3106 vapores
1628 3038 1792 3095 unacum

266 3121 437 3195 attenuatis
462 3112 544 3183 oleis
565 3112 600 3179 in
618 3108 694 3179 aere
715 3106 832 3198 procul
855 3105 1039 3196 pelluntur,
1061 3125 1161 3197 atque
1184 3102 1431 3181 elcdlricitatem
1457 3113 1527 3183 tubi
1548 3112 1719 3187 celerrime
1743 3116 1792 3189 sev·

267 3239 344 3292 cum
368 3211 557 3302 abripiunt:
592 3202 670 3275 idco
691 3204 714 3274 li
739 3200 873 3273 candela
895 3202 1004 3275 ardeat
1032 3205 1068 3275 in
1099 3202 1221 3275 laterna
1254 3207 1353 3276 vitrea
1367 3256 1384 3291 ,
1413 3229 1566 3296 cornea,
1598 3208 1790 3302 chartacea,

267 3316 391 3395 lintea,
413 3320 616 3397 vaporesque
636 3299 904 3391 intercipiantur,
928 3299 1026 3370 tubus
1048 3296 1223 3373 eledtricus
1248 3300 1289 3373 ad
1313 3300 1516 3377 altitudinem
1540 3302 1679 3381 damme
1703 3310 1791 3401 post,

268 3432 319 3483 tus
343 3408 455 3497 aliquo
476 3394 645 3471 intervallo
670 3416 739 3467 non
764 3394 872 3485 perdit
890 3395 1157 3482 eleliricitatem,
1190 3398 1255 3487 qud
1279 3398 1427 3473 celeriter
1450 3402 1611 3487 orbatur,
1634 3402 1657 3475 fi
1683 3424 1793 3479 tenea·

267 3527 319 3579 tur
341 3504 435 3595 supra
457 3498 614 3573 laternas,
637 3490 695 3560 ubi
719 3488 792 3560 sunt
808 3508 945 3581 apertae:
971 3490 1047 3561 ideo
1071 3494 1167 3563 etiam
1192 3494 1215 3563 li
1239 3516 1354 3585 prunae
1377 3498 1535 3591 cespitum
1558 3501 1611 3573 vel
1626 3501 1798 3599 lignontnr

267 3604 339 3675 sunt
360 3596 467 3669 adhuc
492 3610 587 3661 novae
608 3580 644 3655 δι
664 3583 803 3655 multum
824 3584 994 3669 exhalant,
1018 3586 1138 3657 tollunt
1162 3590 1230 3660 cito
1254 3586 1500 3665 eledbricitatem
1523 3616 1566 3667 ex
1604 3598 1674 3669 ubo
1695 3600 1791 3693 supra

268 3720 323 3769 eae
339 3696 497 3772 detento,
522 3704 597 3776 que
619 3702 688 3753 non
705 3678 850 3766 tollitur,
864 3680 888 3751 ss
902 3700 1015 3773 pmaae
1031 3678 1100 3752 fere
1114 3680 1176 3754 lint
1189 3684 1327 3772 exusta,
1352 3682 1389 3758 δι
1412 3689 1492 3762 nihil
1517 3692 1569 3764 vel
1593 3714 1708 3785 parum
1732 3718 1789 3768 ex.

269 3794 413 3885 spirent:
438 3786 617 3876 fiquoque
635 3775 755 3849 serrum
776 3774 987 3849 vehemfflter
1008 3779 1042 3849 in
1065 3779 1143 3875 igne
1165 3780 1352 3871 candescit,
1377 3800 1416 3855 ut
1437 3784 1613 3877 scintillet,
1635 3810 1790 3883 quoquo·

269 3888 376 3962 versus
398 3905 440 3955 ex
461 3880 493 3951 se
514 3873 640 3949 oleosas
659 3872 903 3965 metallicasque
921 3892 1029 3967 partes
1049 3872 1206 3970 exspirat,
1230 3898 1305 3971 que
1328 3878 1594 3975 Atranspbaeram
1617 3889 1653 3958 in
1676 3872 1792 3963 somn.

268 3982 348 4056 dum
366 3982 560 4053 ambientem
576 3970 738 4057 formant,
760 3968 833 4043 haec
848 3970 1065 4063 atmosphaera
1080 3972 1248 4071 extemplo
1262 3974 1540 4053 eletbidntema
1564 3982 1646 4057 tubo
1670 3984 1790 4077 abripit

270 4080 307 4154 dt
329 4078 478 4162 destruit,
502 4090 614 4144 verum
637 4068 660 4139 st
688 4066 809 4139 sernum
830 4071 939 4141 minus
961 4068 1156 4159 incaluerit,
1182 4090 1219 4145 ut
1240 4072 1295 4147 vel
1318 4068 1422 4147 nullae
1444 4076 1498 4151 vel
1521 4101 1641 4173 paucas
1665 4082 1790 4155 emittat

270 4198 396 4272 partes,
421 4192 482 4245 nec
502 4165 716 4256 atmosphaera
743 4162 917 4252 efficiatur,
942 4185 984 4235 ex
1009 4168 1092 4241 tubo
1117 4165 1363 4244 eledtricitatem
1387 4195 1457 4247 non
1481 4176 1578 4250 tollit.
1625 4178 1711 4253 Non
1732 4198 1791 4251 ve·

270 4297 310 4350 10
332 4273 416 4371 ignis
439 4286 540 4361 purus
559 4263 797 4335 eleudcintem
819 4264 998 4361 extinguit,
1022 4286 1100 4338 aam
1123 4267 1224 4342 'tubus
1246 4270 1367 4347 vineat
1389 4268 1563 4353 eledlticus
1585 4274 1654 4357 sere
1676 4278 1713 4355 io
1735 4274 1787 4351 so·

1536 4418 1541 4423 ·
1604 4418 1609 4425 ·
1742 4398 1789 4455 ee

307 4562 369 4644 (a)
388 4558 488 4637 ιἰιῑιι,
508 4556 547 4627 de
565 4552 681 4625 l'dtad.
699 4552 780 4637 lior.
802 4550 861 4623 do·
878 4564 969 4636 rttr.
987 4569 1141 4639 narro.-
1174 4634 1204 4711 P
1224 4658 1252 4736 p
