4282 5962
300 340 385 425 394
489 244 1103 397 nuceranae-nu
1141 316 1205 381 aa
1243 246 1645 389 arantur-nn.

352 506 455 579 Suhrli
477 502 585 599 ligna,
610 524 683 594 quae
707 496 802 589 plana
826 490 996 587 superficie
1027 513 1073 577 o,
1100 492 1208 583 2864.
1237 494 1369 584 pollicis
1392 493 1540 585 quadrati
1572 497 1604 569 se
1635 498 1840 595 tangebanta

304 628 368 698 qua
391 624 482 697 parte
503 601 619 671 cedern
642 596 768 695 glutine
791 596 921 665 taurino
939 589 1076 662 fuerunt
1096 590 1290 683 conjunlla,
1314 612 1389 683 que
1420 594 1463 665 ab
1487 592 1538 663 his
1568 596 1717 691 appensis
1748 618 1835 693 pon·

300 704 434 781 deribus
459 718 583 773 tautum
608 694 717 769 divelli
741 708 933 785 potuerunt.
1702 742 1705 747 .

489 816 653 890 Fraxinus
678 814 698 882 l
721 808 866 881 Fraxino
890 815 969 893 ait
1000 804 1080 879 162.
1105 827 1213 901 utque
1236 800 1336 879 adlh
1365 824 1447 899 192.

487 914 591 997 Picea
610 934 641 983 a·
655 910 753 983 Picea
777 928 797 977 a
818 906 855 979 lb
885 924 963 1001 1³37·
988 906 1043 991 ita¹
1056 906 1119 979 bia.

490 1010 579 1084 'lilia
603 1032 624 1083 a
648 1007 735 1081 Tilia
757 1028 777 1077 a
800 1000 836 1076 la
867 1022 947 1099 137.
971 1006 1016 1075 ita
1039 1004 1101 1076 bia.

382 1144 386 1149 ·
492 1096 960 1206 QuercuaaQuetcu'alb
988 1103 1224 1177 rraiubir.
1282 1118 1285 1123 '

348 1228 459 1303 Tanta
481 1246 502 1297 a
524 1226 650 1325 glurlne
674 1223 803 1295 nunno
836 1218 968 1293 firmitas
995 1218 1037 1290 ab
1050 1220 1053 1225 '
1067 1218 1150 1291 aena
1179 1221 1304 1291 externi
1335 1220 1522 1313 comprell'u
1544 1244 1617 1299 non
1647 1224 1837 1317 pependit,

300 1332 384 1401 airis
406 1323 555 1419 pondere
574 1326 609 1395 in
630 1320 726 1393 talem
746 1318 948 1411 strperliciem
966 1316 1115 1389 nondum
1139 1316 1376 1411 aequipollente
1398 1314 1436 1389 ta
1458 1346 1494 1413 4.
1546 1323 1631 1395 Sunt
1650 1324 1748 1395 etiarn
1762 1323 1835 1396 haec

300 1424 527 1521 conglutinata
545 1421 633 1518 ligna
652 1418 737 1489 adeo
753 1414 893 1507 perosa,
920 1434 958 1487 ut
979 1416 1022 1487 ab
1046 1418 1140 1489 Adra
1160 1414 1256 1489 facile
1279 1408 1504 1509 penneinmrr
1528 1420 1563 1493 Si
1582 1422 1672 1495 aliud
1689 1420 1837 1493 fluidunr

299 1544 455 1618 premens
469 1542 511 1591 ex
529 1516 699 1609 hypothefi
715 1534 910 1611 concurrere
935 1510 1129 1599 allumatur,
1154 1512 1328 1607 quomodo
1344 1514 1377 1585 id
1392 1515 1531 1589 laidem
1556 1518 1669 1616 gluten
1687 1540 1752 1590 tarn
1771 1518 1840 1590 dis·

301 1638 472 1711 crepantes
498 1614 637 1685 effetiae
661 1610 847 1702 produeett.
869 1608 924 1681 sed
945 1608 967 1679 u
988 1610 1020 1681 vl
1041 1610 1188 1683 trahente
1206 1608 1328 1693 diversa
1353 1610 1388 1683 ld
1407 1612 1521 1709 gluten
1542 1620 1576 1687 in
1593 1614 1733 1708 corpora
1751 1638 1838 1707 ope·

302 1736 412 1799 retur,
437 1712 472 1783 dt
497 1732 598 1803 poros
621 1710 664 1781 ad
686 1709 806 1781 variam
826 1704 1030 1777 altitudinem
1053 1707 1268 1875 laggedieua.
1298 1728 1358 1779 eos
1379 1709 1495 1781 melius
1521 1712 1654 1806 pejusre
1674 1714 1845 1804 impleat,

302 1831 340 1883 ut
360 1809 441 1881 infra
464 1806 661 1879 luculentius
683 1804 827 1896 patebit,
851 1802 1038 1875 discrimina
1059 1824 1104 1875 co
1126 1806 1268 1877 ereutiae
1288 1802 1404 1895 sponte
1429 1804 1550 1879 fluunt.

350 1906 386 2005 ᾗ.
407 1904 588 1977 llllXCIX.
614 1904 649 1975 Si
674 1900 810 1973 fluidum
826 1890 1094 1991 'luter'co'rpdra
1108 1900 1227 1974 lufurrr
1238 1898 1425 1973 admodnrra'
1441 1924 1541 1999 grave
1563 1893 1622 1986 snt,
1646 1905 1707 1975 erit
1737 1909 1845 1976 etiarn

303 2005 398 2083 valde
421 2002 574 2073 solidunr:
599 2003 676 2094 quia
699 2018 807 2071 auteur
829 2018 975 2087 corpora
1002 1996 1108 2069 modo
1128 1999 1162 2071 se
1181 1996 1340 2085 trahunt,
1372 2020 1441 2069 uon
1463 2004 1569 2091 pori,
1593 2000 1733 2071 duorum
1759 2000 1844 2071 llui·

303 2105 422 2175 dortrnr
448 2101 592 2192 partibus
615 2102 699 2189 paris
723 2094 958 2191 magnitudinis
980 2090 1016 2165 dt
1041 2094 1189 2187 ejusdem
1214 2096 1327 2193 ligurae
1350 2094 1494 2187 poitis,
1518 2118 1556 2168 ut
1580 2091 1617 2167 dt
1640 2100 1731 2187 poris
1755 2098 1843 2167 strui·

302 2200 390 2271 libus
422 2218 601 2288 corporum
631 2192 907 2291 jungendorum,
942 2190 1046 2264 trahet
1085 2192 1120 2263 id
1141 2190 1283 2281 huius,
1314 2193 1409 2285 quod
1440 2192 1488 2265 est
1519 2196 1664 2291 gravina:
1689 2193 1846 2285 adeoque

302 2316 481 2369 memorata
510 2314 652 2383 corpora
678 2290 783 2363 multo
818 2288 946 2359 firmius
977 2287 1193 2400 coherelrunt
1216 2288 1302 2363 illito
1326 2290 1503 2377 danliore,
1532 2313 1630 2381 quam
1659 2294 1770 2362 rariori
1795 2292 1843 2361 le·

302 2384 860 2589 llll‘qltf‘lnlz'tlll
876 2398 1010 2575 ‘llll
1028 2384 1343 2554 llll-‘linit‘
1356 2383 1844 2558 lllllhltlltll

302 2604 486 2675 corporum
510 2584 665 2649 cavitates
686 2578 861 2667 impleant,
887 2580 998 2645 minus
1022 2578 1095 2647 haec
1117 2578 1295 2660 attrahent,
1322 2576 1357 2649 dt
1382 2586 1590 2653 conuellent.

357 2680 446 2749 luter
460 2693 675 2743 memoratos
708 2670 885 2761 cylindros¹
907 2690 951 2739 ex
981 2670 1159 2753 Orichalco
1189 2672 1340 2743 interluit
1371 2676 1421 2743 est
1449 2698 1564 2765 aqua,
1603 2698 1674 2751 tum
1705 2678 1846 2772 a-pprelli

305 2774 408 2856 sunt,
442 2790 499 2935 ab
512 2770 599 2879 air,
637 2786 795 2858 quantum
823 2764 933 2855 potest
950 2814 963 2851 ‚
979 2766 1236 2857 expelleretur,
1269 2766 1473 2841 cohaeserunt
1492 2771 1670 2863 aliquoties
1690 2776 1850 2871 pondere

305 2890 377 2963 '¹7’
403 2884 486 3059 sab
500 2884 665 3053 maha
689 2972 793 3045 Lade
815 2974 939 3043 bovino
965 2970 1001 3039 lli
1031 2994 1060 3042 r.
1089 2972 1178 3043 Une.
1197 2956 1238 3069 ⁵9.
1264 2975 1327 3047 bia.

444 3082 488 3159 ab
512 3074 668 3153 interfuso
692 3072 815 3165 Spiritu
837 3066 917 3141 Vini
941 3066 1074 3141 Gallico
1090 3119 1103 3158 ,
1121 3068 1247 3181 ..Unciia
1273 3094 1335 3165 24.

446 3235 489 3304 ab
514 3228 603 3299 Oleo
628 3218 891 3304 Terebinthinae,
916 3216 1035 3291 Unciir
1061 3184 1149 3325 3733.

446 3367 645 3447 aPetroleo
669 3370 782 3455 tenui,
804 3364 925 3439 Unciia
951 3330 1032 3471 no}

445 3523 488 3595 ab
512 3514 670 3591 interlirso
693 3514 772 3589 oleo
797 3514 978 3601 olivarum,
1001 3513 1122 3588 Unciis
1147 3534 1207 3609 30.

447 3624 490 3695 ab
515 3614 672 3689 interfuso
696 3616 777 3687 oleo
798 3634 971 3705 raparum,
996 3610 1087 3685 Une.
1115 3632 1173 3705 30.

446 3719 490 3790 ab
515 3710 669 3787 interlirfo
694 3710 785 3785 Oleo
810 3710 909 3799 Lini,
934 3708 1051 3783 Unciis
1078 3728 1137 3805 37.

354 3834 529 3927 'Adeoque
567 3850 631 3902 nec
661 3850 775 3921 aqua,
807 3846 872 3898 nec
900 3824 1085 3909 humores,
1118 3842 1182 3895 nec
1218 3822 1290 3895 hac
1322 3822 1396 3897 olea
1423 3824 1546 3899 Adrem
1581 3830 1761 3904 excludunt
1791 3859 1846 3911 ar.

309 3958 452 4013 ceutve:
484 3950 641 4027 praeterea
667 3926 792 3997 Adrenr
826 3922 1005 3993 adruixturn
1030 3920 1178 4004 habent,
1211 3920 1381 3995 fiAdrenr
1405 3924 1639 4022 excluderent,
1676 3929 1718 3999 ad
1742 3934 1844 4008 ruini.

311 4056 402 4105 rnurn
427 4028 624 4104 cohaerentia
646 4020 753 4094 fuillct
777 4016 910 4108 aequalis
933 4014 967 4087 la
996 4038 1072 4109 41.:
1098 4012 1217 4087 Minor
1239 4039 1329 4091 nunc
1352 4018 1414 4093 luit
1437 4022 1633 4099 coherentia
1658 4048 1758 4119 quam
1781 4052 1843 4103 eo·

311 4130 450 4201 rundenr
475 4116 695 4215 cylindrorum
719 4114 940 4201 mundorum,
963 4111 1000 4187 dt
1023 4114 1148 4207 absque
1170 4111 1241 4187 ullo
1266 4138 1407 4211 corpore
1430 4120 1542 4195 adlito.

360 4254 450 4325 ΜΟ.
476 4254 511 4325 Si
532 4248 636 4325 fluida
657 4250 743 4319 inter
773 4266 913 4339 corpora
943 4244 1092 4317 interfusa
1128 4266 1278 4339 tempore
1307 4249 1360 4323 vel
1383 4250 1505 4351 frigore
1528 4258 1745 4349 indurantur,
1770 4286 1844 4340 turn

314 4350 463 4427 indurato
487 4348 592 4419 fluido
612 4343 723 4461 .¹¹¹⁰¹.S⁰
747 4344 869 4417 {innius
890 4364 1039 4459 connexa
1060 4364 1156 4417 erunt
1173 4367 1331 4437 corpora,
1356 4370 1453 4441 quam
1477 4352 1584 4429 fluido
1604 4358 1710 4430 adhue
1735 4360 1842 4455 liqua-

316 4441 792 4545 102Quandoeurmnsdenr
825 4440 1014 4515 orichalcets
1046 4441 1199 4533 cylindris
1232 4442 1404 4519 adlinimus
1432 4448 1571 4525 refirsurn
1600 4455 1711 4527 sebum
1744 4460 1842 4531 bovi-

305 4568 419 4636 num,
439 4562 497 4617 eut
519 4536 793 4633 Colophonium,
818 4538 965 4633 Getam,
994 4540 1049 4618 vel
1067 4540 1210 4631 Picem,
1232 4542 1375 4620 ederus
1395 4550 1568 4623 examhui
1591 4574 1705 4647 parurn
1724 4557 1842 4629 tohae·

1770 4674 1845 4727 res·
