4282 5962
256 424 265 447 ,
463 316 583 403 nn
669 306 1580 408 anacrnrcrrnrm
1714 354 1791 436 effi

315 515 348 615 §.
372 510 638 587 DCCCCXIV.
664 508 777 601 Major
809 510 908 600 copia
936 505 1162 581 Electricitatis
1188 509 1292 581 estin
1326 510 1454 580 sublimi
1485 514 1601 601 Aere,
1632 540 1730 610 quam
1755 525 1788 594 in

264 615 402 699 humili,
426 612 571 684 nondum
596 628 702 679 tamen
723 606 871 678 constant
894 607 991 674 certis
1018 606 1295 678 observationibus
1319 607 1436 678 limites
1462 608 1575 681 summi
1589 613 1790 688 Elccirieita·

263 716 327 799 tis,
354 709 451 783 &an
472 711 508 780 in
538 707 727 778 editioribus
756 701 980 795 armosphaerae
1009 706 1199 801 regionibus
1227 702 1352 797 semper
1375 704 1455 776 adsrt
1480 704 1700 795 elesbicitas,
1732 734 1790 785 aut

309 833 378 882 nc
424 830 467 879 ra.
713 836 718 841 ·

263 832 550 979 paPuiffitrimum
575 903 621 975 est
644 906 810 973 inventum
829 899 1017 986 Franllini,
1039 903 1092 972 etti
1105 901 1239 992 Physica
1252 904 1297 999 ¹in
1322 900 1388 975 hoe
1402 903 1557 1001 dogmate
1578 906 1714 995 plurima
1731 907 1788 979 de-

262 1006 345 1089 bet,
370 1004 427 1095 qui
435 1002 629 1073 Draconem
645 996 809 1077 volantem
827 997 939 1072 Vento
954 1002 1104 1091 Adrique
1119 999 1246 1070 sublimi
1264 1004 1487 1087 committere,
1514 1003 1647 1093 ejusque
1665 1027 1729 1095 ope
1746 1027 1788 1077 err

260 1100 391 1173 excelso
405 1100 672 1181 ,Eleclricitatctn
700 1097 844 1169 derivare
867 1098 910 1169 ad
930 1096 1042 1169 Terrae
1067 1096 1171 1171 solum
1195 1101 1318 1189 primus
1341 1101 1464 1171 invenit
1472 1120 1485 1170 r·
1506 1101 1572 1170 hoc
1585 1106 1672 1172 enim
1686 1102 1793 1173 modo

264 1201 337 1272 Aer
361 1197 468 1270 multo
492 1198 610 1267 editior
632 1196 792 1288 explorari
815 1195 945 1287 potest,
978 1218 1078 1287 quam
1104 1194 1127 1265 ll
1152 1197 1187 1266 in
1212 1196 1350 1267 turribus
1376 1198 1509 1267 editisvc
1535 1199 1616 1269 locis
1640 1199 1788 1271 observa·

263 1299 373 1367 tiones
404 1298 588 1386 capiuntur.
638 1292 822 1365 Constabat
845 1296 933 1365 enim
959 1294 1030 1365 satis
1056 1314 1116 1384 per
1137 1292 1323 1364 industriam
1358 1293 1553 1381 Franltlini,
1596 1295 1787 1383 Delibardi,

262 1393 408 1479 Delori,
436 1392 624 1476 Monnieri,
649 1390 799 1473 Nolleti,
824 1391 1012 1473 Winkleri,
1038 1390 1206 1461 sublimem
1232 1394 1353 1463 A'e‘rem
1379 1390 1444 1462 csse
1468 1391 1692 1463 Elesiriciratis
1718 1394 1788 1484 ple-

263 1484 1495 1681 tillastense{lenissimisnissllinslllilss
1519 1490 1789 1679 33¹3&an

265 1682 440 1776 Toparcho
469 1687 503 1754 in
525 1678 758 1780 Langenveld,
786 1687 821 1755 in
845 1683 955 1757 littore
970 1686 1097 1755 marino
1117 1685 1171 1752 vix
1195 1682 1321 1775 aliquid
1343 1683 1572 1755 Elesiricitatls
1595 1684 1789 1756 observaba-

261 1804 335 1855 mus
349 1834 360 1867 ‚
375 1779 616 1853 adcendimus
648 1779 840 1852 excelsores
871 1782 1015 1854 tumulos
1038 1781 1217 1853 Arenarios
1242 1779 1504 1867 Nortvicenses,
1536 1796 1605 1851 tum
1630 1782 1730 1853 draco
1754 1783 1790 1854 in

260 1878 362 1949 altum
383 1875 514 1949 emissus
534 1876 716 1972 colligebat
740 1877 879 1949 multum
902 1878 1146 1961 electriciuris,
1179 1900 1278 1968 quam
1299 1881 1341 1951 ad
1375 1902 1462 1963 nos,
1496 1878 1541 1949 fili
1567 1878 1662 1949 senei
1688 1879 1791 1951 scrico

243 1975 379 2045 'adnexi
411 1974 650 2045 extremitatem
674 1992 844 2061 tenentes,
868 1976 1015 2060 demisit,
1040 1976 1125 2047 adeo
1146 1978 1298 2049 utbrevi
1322 1996 1470 2069 tempore
1497 1998 1566 2047 tum
1589 1976 1689 2047 clavis
1704 1996 1792 2067 ope,

261 2071 424 2235 {umfubi
443 2068 541 2142 iered
565 2070 731 2161 appensi,
759 2072 903 2144 scintille
926 2077 1122 2165 crepitantes
1148 2067 1280 2147 &curn
1305 2075 1410 2147 odore
1433 2074 1646 2166 Sulphureo,
1679 2072 1793 2145 eleclae

278 2183 392 2237 uennt.
1115 2208 1118 2215 ·

312 2262 401 2351 Quo
421 2260 477 2333 dic
498 2261 715 2335 Warmondae
736 2264 830 2336 filum
852 2265 993 2337 ferreum
1018 2266 1221 2337 horizontale
1242 2266 1324 2336 nihil
1344 2267 1571 2339 Electricltutis
1595 2268 1793 2362 colligebat,

265 2358 385 2432 Draco
407 2361 441 2429 in
472 2358 575 2428 altum
604 2360 733 2429 emilius
768 2359 891 2453 largam
924 2362 966 2427 nd
997 2380 1060 2429 nos
1089 2359 1335 2431 elediricitatem
1361 2363 1489 2433 demisit
1512 2380 1589 2431 cum
1613 2362 1794 2433 dolorificia

262 2449 460 2529 scintillis&
478 2454 583 2525 bbilo.
625 2453 771 2525 Die16.
793 2453 1103 2545 snpnmsmnnm
1131 2455 1235 2546 1756·
1260 2454 1534 2551 modicus'llabnt
1559 2457 1707 2546 Aquilo,
1731 2477 1796 2524 cae·

263 2550 333 2623 lum
359 2549 418 2621 fuit
441 2552 581 2622 omnino
604 2551 761 2621 Serenum
784 2550 909 2639 absque
934 2550 1000 2619 ulla
1022 2552 1110 2620 nube
1136 2548 1172 2620 dt
1194 2548 1393 2622 siccissimum
1411 2602 1429 2634 ,.
1454 2550 1642 2621 Mercurius
1666 2560 1700 2623 in
1724 2552 1793 2623 Bc·

264 2649 417 2739 roscopio
443 2666 504 2738 29.
523 2644 594 2736 pol.
619 2644 733 2727 altus,
757 2644 850 2715 calor
864 2647 899 2715 in
916 2642 1175 2717 Thermometro
1196 2644 1257 2717 fuir
1270 2656 1346 2739 7¹·
1367 2647 1458 2743 gaad.
1483 2666 1552 2717 tum
1577 2646 1794 2717 Warmondae

263 2743 456 2817 Draconem
480 2746 515 2813 io
537 2740 672 2813 sublime
694 2760 811 2812 ventus
833 2741 995 2829 abripuit,
1022 2740 1114 2811 iilum
1137 2742 1300 2827 ferreum,
1322 2765 1391 2833 quo
1409 2744 1596 2827 tenebatur,
1620 2762 1689 2812 erat
1706 2760 1793 2835 700»

262 2841 366 2934 pedes
387 2839 445 2911 lon
492 2858 550 2922 m,
571 2859 648 2910 cum
672 2834 815 2927 appensa
835 2834 917 2907 clavi
941 2858 983 2907 ex
1007 2857 1181 2921 extremo,
1203 2842 1486 2929 appropinquante
1511 2837 1614 2932 digito
1639 2838 1721 2911 clavi
1734 2861 1793 2910 ex·
1893 2896 1896 2901 .

262 2938 421 3010 citabatur
442 2860 590 3007 §camella
614 2936 777 3027 crepitans
796 2931 1107 3027 vehementiffima,
1137 2954 1245 3005 totum
1268 2933 1437 3007 brachium
1462 2932 1633 3020 afficiens3
1658 2936 1796 3027 quando

262 3032 361 3106 altera
384 3054 485 3105 manu
510 3032 723 3128 tangebamus
745 3028 922 3103 adstantem
952 3031 1134 3117 arborem,
1156 3030 1298 3103 alterans.
1319 3032 1660 3131 appropinquabamus
1685 3034 1792 3118 clavi,

238 3128 384 3203 *eodem
410 3149 559 3219 tempore
585 3148 759 3220 utrumque
787 3125 959 3199 brachium·
986 3131 1251 3219 percutiebatur,
1280 3151 1319 3201 ae
1345 3130 1368 3201 fi
1400 3132 1497 3201 arbos
1523 3126 1558 3199 δι
1583 3128 1674 3202 filum
1699 3128 1794 3203 simul·

265 3244 501 3318 operarentur:
526 3224 673 3317 exploso
694 3224 798 3297 audiri
819 3244 950 3319 poterat
970 3224 1015 3297 ad
1032 3226 1239 3299 intervallum
1266 3250 1346 3299 roo.
1369 3226 1521 3319 pedatim
1547 3225 1632 3298 odor
1655 3226 1792 3299 manife-

265 3323 332 3395 llus
347 3321 565 3415 sulphureus,
591 3320 750 3412 saporvix
765 3322 868 3395 ullus:
891 3320 1192 3416 solioquaecunqoe
1215 3324 1347 3419 viidie,
1379 3346 1447 3396 tum
1471 3344 1517 3395 ex
1531 3312 1622 3417 'aqua
1647 3321 1793 3411 sublata,

270 3420 433 3493 Scintillae
453 3421 649 3510 crepitantes
678 3418 879 3490 eliciebant:
910 3420 1137 3493 Sentiebamus
1168 3426 1254 3495 cirea
1286 3422 1378 3494 filum
1408 3420 1550 3495 ferreum
1582 3420 1681 3493 telum
1704 3420 1797 3513 quali

272 3540 421 3591 amneam
442 3514 690 3587 Electricimtis:
715 3512 755 3582 ln
767 3512 833 3584 hoc
848 3515 906 3585 silo
929 3538 999 3585 non
1018 3537 1087 3587 erat
1104 3523 1258 3591 continua
1281 3518 1518 3601 Electridas,
1548 3516 1606 3590 sed
1627 3518 1711 3591 inter
1735 3540 1796 3601 ert·

266 3613 394 3707 piosam
418 3610 596 3683 Scintillam
612 3606 847 3700 &sequentem
864 3632 980 3695 mora,
1005 3611 1154 3683 elabente
1175 3634 1323 3705 tempore
1355 3638 1411 3685 ιο,
1433 3614 1510 3697 ml,
1535 3636 1708 3707 antequam
1732 3638 1796 3689 no·

265 3732 306 3780 ra
330 3707 466 3779 scintilla
491 3709 622 3779 excitari
637 3724 777 3800 poterat.
828 3702 1020 3805 Insurgente
1043 3705 1142 3780 Venti
1161 3712 1285 3801 impetu
1306 3710 1426 3793 Draco
1439 3710 1533 3780 altius
1557 3702 1796 3799 adscendebat,

269 3804 361 3876 illico
391 3803 620 3876 intendebatur
637 3804 858 3890 elediricitas,
891 3802 927 3875 dt
948 3804 1127 3878 doloriiicae
1154 3829 1246 3879 erant
1270 3806 1442 3897 stiptillar
1473 3802 1676 3877 Remittente
1704 3808 1796 3879 venti

270 3903 423 3993 impeta,
446 3900 561 3973 Draco
576 3902 779 3993 aliquantum
804 3900 1047 3988 descendebat,
1079 3907 1262 3986 remittente
1285 3904 1386 3993 simul¹
1400 3900 1638 4001 Eledlricimter
1695 3902 1793 3977 Simi-

269 3998 318 4068 les
341 4019 475 4071 eventus
499 3998 594 4072 Nob.
610 4000 702 4073 Baro
720 4019 782 4073 van
804 3996 864 4072 der
885 4000 986 4075 Does
1011 3998 1164 4073 Norttici
1190 4002 1246 4073 die
1276 4025 1331 4095 14.
1355 4000 1436 4095 Julii
1464 4002 1568 4089 Amo
1595 4021 1701 4099 1757·
1724 4022 1796 4073 me·

270 4095 1300 4290 ‘misissetis{displicebitis
1323 4098 1596 4269 issisti?
1611 4098 1796 4271 silit

713 4248 723 4267 .
1310 4222 1330 4269 v
1590 4222 1656 4269 mm

272 4294 437 4376 tonabat,
470 4287 585 4363 Draco
608 4292 644 4364 ln
671 4292 772 4364 altum
802 4290 916 4365 volans
948 4292 1156 4367 vehementes
1181 4290 1422 4367 &dolorilicas
1443 4292 1522 4367 fecit
1545 4296 1579 4369 in
1605 4296 1662 4369 iilo
1686 4294 1797 4368 frenco

272 4388 503 4480 exploliones3
528 4386 720 4479 plerumque
742 4392 901 4460 emicante
923 4388 1077 4474 fulmine,
1091 4386 1338 4464 ‘sed'defineb'ar
1363 4395 1531 4488 mugiente
1556 4396 1705 4476 tonitru,
1727 4392 1795 4487 Jam

270 4487 438 4557 'celerrime
458 4485 603 4557 Scintilla
627 4484 803 4557 Scintillam
823 4489 1029 4577 excipiebat,
1050 4490 1192 4585 crepitus
1216 4490 1423 4564 vehementes
1447 4493 1481 4563 in
1506 4515 1623 4589 magna
1648 4491 1793 4561 distantia

275 4581 398 4672 aude,
420 4582 513 4656 mm
531 4580 673 4657 eneam
691 4582 863 4659 admotae
881 4584 983 4680 capte
999 4589 1132 4674 canae.
1147 4589 1237 4682 opti
1251 4638 1282 4678 ,‚
1292 4589 1427 4682 juraret
1444 4591 1540 4664 anm*
1553 4593 1625 4663 uae
1648 4583 1797 4659 ulmaria

1723 4698 1801 4772 pcr-
