4572 6086
538 346 617 440 ,ιι
732 331 853 428 ua
937 318 1880 420 unacuarorrxrn:

525 515 671 612 'norum
694 549 807 645 auem·
823 524 1054 622 namnam
1076 514 1220 612 panau
1240 513 1359 590 naon
1376 517 1420 590 aa
1449 518 1587 618 angulos
1619 481 1721 620 mg}
1752 522 1868 603 rem
1892 535 2066 618 numm,

541 633 1000 856 prophiagocnzgllrngslltsvll.
1025 737 1259 820 errilorninua
1279 741 1398 816 darm
1427 739 1682 837 ldioiledlrita,
1717 777 1792 849 quae
1825 768 1966 841 excitata
1988 793 2065 850 cum

539 861 665 950 impetn
684 873 723 924 ea
743 845 934 939 corpuscula
953 845 1103 936 rapiunt,
1123 841 1259 933 quarab
1281 841 1351 954 allis
1373 839 1498 954 pepulsa
1521 843 1655 958 inssfife
1678 870 1804 929 natant:
1838 859 1907 936 Hic
1930 887 2071 947 eventus

540 952 655 1026 contin
680 952 728 1032 ἰ,
761 945 838 1038 quin
865 943 1007 1014 notanda
1025 937 1215 1034 corpuscula
1244 955 1383 1030 parcron
1418 935 1670 1050 tmlreclllronve·
1685 947 1895 1031 eleslricitate
1918 967 2069 1042 ambiun.
2129 1021 2133 1028 .

495 1022 499 1031 ¹
541 1068 624 1135 rur,
655 973 788 1118 {ideo
809 1043 851 1111 ab
871 1036 1086 1110 elediricitate
1112 1036 1199 1108 aeris
1218 1033 1345 1106 fortiori
1365 1031 1408 1104 od
1432 1031 1656 1109 lunelernrca
1679 1041 1749 1114 aira
1766 1053 1953 1140 pelluntur:
1985 1061 2069 1138 Hoc

474 1160 479 1168 “
540 1145 579 1216 fit
609 1138 740 1236 quando
770 1134 915 1230 plumula
946 1133 1095 1204 subalaris
1122 1154 1142 1202 a
1171 1133 1278 1203 vitreo
1305 1130 1393 1242 tabo
1410 1132 1501 1222 prius
1524 1129 1638 1205 alleila
1664 1137 1826 1236 abigitur:
1860 1173 1966 1246 propr
1990 1170 2069 1235 eam

539 1242 627 1316 enim
647 1236 809 1328 cylindrus
835 1253 876 1302 ex
898 1249 973 1300 cera
997 1224 1198 1317 Hispaniensi
1223 1224 1393 1298 elcilncua
1416 1228 1528 1318 rapit,
1552 1247 1633 1304 mox
1656 1239 1807 1329 excutit,
1832 1245 1953 1322 deinde
1975 1257 2078 1334 volat.

536 1340 572 1408 in
593 1340 730 1410 vitreum
755 1329 889 1402 tubum:
913 1325 1063 1396 firmem
1087 1324 1156 1396 duo
1180 1322 1252 1393 tubi
1273 1321 1366 1394 tittei
1388 1321 1530 1414 perfricta
1553 1321 1694 1418 fuednt,
1719 1333 1898 1426 pinnulam
1914 1347 2064 1428 aarum

538 1433 580 1503 ab
601 1451 669 1502 uno
688 1427 796 1520 pergit
815 1423 947 1517 abigere
975 1419 1056 1492 alter
1078 1421 1202 1504 tubus,
1235 1417 1326 1490 adeo·
1350 1436 1387 1488 ut
1408 1417 1626 1510 phaenomem
1649 1424 1825 1509 differant:
1857 1439 1929 1513 Sed·
1947 1467 2063 1524 notam

539 1527 619 1600 dnm
644 1525 691 1598 ell
715 1544 784 1596 non
810 1517 961 1592 conllans
982 1515 1132 1590 essehoc
1154 1516 1420 1612 phanomenon:
1451 1535 1528 1630 cum
1560 1517 1645 1636 sape
1669 1530 1824 1620 eveniat,
1850 1557 1887 1610 ιιι
1907 1539 2020 1630 pluma
2043 1571 2071 1622 ff,

539 1625 623 1697 vitro
655 1621 809 1694 clearco
838 1613 963 1707 repulsa
981 1665 996 1702 ,
1024 1633 1139 1712 pergat
1172 1611 1287 1709 repelli
1307 1631 1328 1684 a
1347 1631 1423 1685 cera
1446 1607 1649 1708 Hrspanreni
1681 1621 1863 1722 elediata,
1895 1639 2072 1724 trierim

538 1721 717 1796 observavit
739 1714 800 1790 Cl.
830 1711 988 1788 Nollctus
1010 1711 1110 1812 (a).
1133 1749 1135 1760 ι
1499 1760 1502 1771 ‹
1753 1767 1755 1777 ι

584 1857 616 1959 i.
644 1846 1026 1934 DCCCLXXXVIII.
1050 1851 1190 1948 Propter
1214 1857 1300 1931 hanc
1323 1853 1539 1931 differentiam
1559 1857 1740 1937 inciderunt
1757 1867 1856 1964 aliqui
1870 1869 2074 1976 Philosophi

538 1961 573 2032 in
594 1955 805 2046 sirspicionam
823 2003 836 2040 ,
857 1948 1121 2025 Eledlricitatem
1139 1951 1204 2025 else
1226 1953 1366 2048 duplicis
1388 1957 1547 2054 generis,
1570 1957 1702 2034 alteram
1726 1963 1903 2063 Wtrram,
1927 1974 2068 2056 alteram

538 2051 603 2126 elle
630 2048 829 2146 Refinosom.
878 2047 1026 2122 Vineam
1051 2048 1116 2122 esse
1134 2052 1169 2122 in
1189 2047 1318 2138 Vltro,
1349 2049 1542 2144 crystallo,
1573 2049 1753 2144 Gemmis,
1783 2059 1902 2152 lana,
1927 2067 1963 2140 dt
1987 2073 2066 2166 pilis

537 2151 753 2235 animalium,
786 2149 909 2220 tamin
933 2145 1064 2237 plumis.
1113 2145 1305 2220 Relinosa'm
1325 2145 1389 2220 else
1407 2151 1442 2219 in
1464 2148 1634 2236 succino,
1666 2151 1912 2252 Colophonio,
1947 2165 2063 2262 Con,

539 2246 628 2321 Cera
650 2243 796 2343 sigillari,
823 2241 974 2328 Refinis,
1000 2243 1141 2330 Serico,
1167 2241 1358 2332 Cannaba,
1383 2243 1536 2318 Charta
1567 2246 1670 2344 Signa·
1687 2271 1736 2322 ex·
1755 2257 1874 2348 quintu
1888 2279 2066 2361 utramque

539 2343 772 2428 distinxerunt,
797 2340 911 2412 tradita
931 2340 1006 2411 sunt
1026 2361 1049 2411 a
1071 2338 1166 2412 Nob.
1191 2341 1237 2414 du
1259 2339 1330 2431 Fay
1354 2341 1446 2439 (b).
1496 2341 1557 2414 Uti
1581 2341 2060 2448 lichordauuoqueextremo

539 2441 716 2522 tendatur,
750 2457 793 2508 ex
819 2433 930 2507 medio
955 2433 1047 2506 filum
1071 2435 1207 2510 sericum
1223 2436 1365 2530 pendeat
1387 2457 1466 2511 curn
1490 2459 1615 2512 annexa
1638 2443 1812 2538 plumula;
1843 2451 1914 2528 iiaec
1928 2481 1958 2530 ,a
1981 2463 2065 2538 tubo

535 2537 640 2608 vitreo
660 2531 819 2606 eledirico
842 2533 986 2621 primum
1009 2527 1169 2618 allicitur,
1194 2555 1274 2606 mox
1297 2535 1486 2626 repelliturr
1512 2555 1582 2608 tum
1605 2560 1625 2610 a
1650 2539 1740 2634 Cera
1756 2545 1894 2644 Sigillari
1910 2551 2065 2632 clestrica

538 2633 660 2721 rapitur
679 2627 914 2709 vehementer,
939 2643 1020 2694 mox
1035 2627 1213 2722 abigitur,
1251 2625 1287 2699 δι
1309 2629 1464 2702 deinden
1488 2633 1592 2704 mtreo
1617 2638 1699 2711 tubo
1723 2643 1839 2716 iterum
1864 2649 2002 2730 allicitur
2025 2653 2062 2730 dr

540 2723 707 2816 repellitur
729 2739 765 2793 ur
779 2738 866 2791 ante.
915 2715 1006 2792 'lum
1029 2719 1201 2796 fibacillur
1215 2723 1313 2798 Cerae
1327 2726 1472 2823 sigillaria
1495 2729 1601 2802 rubrae
1628 2728 1676 2816 a}
1692 2737 1793 2828 pedes
1816 2741 1963 2842 longus,
1986 2757 2065 2828 ιιῑιιι

538 2819 748 2893 achernenter
772 2812 946 2889 eled'tricua
966 2863 978 2902 ,
1002 2821 1158 2913 manain
1186 2821 1298 2895 medio
1320 2825 1484 2916 capiatur,
1507 2825 1628 2900 deinde
1652 2831 1685 2904 in
1710 2837 1790 2908 tubo
1814 2843 1917 2916 vitreo
1941 2853 2063 2926 excite,

539 2935 590 2989 tur
617 2909 844 3001 clastricita83
879 2910 976 2984 tubus
1009 2913 1147 2988 ducatur
1177 2917 1271 3010 sirpra
1299 2919 1472 2992 dimidiam·
1502 2922 1740 3020 longitudinem
1765 2934 1871 3007 bacilli
1895 2949 1982 3016 cerei
1995 2949 2061 3032 ,‘n

537 3033 639 3085 manu
664 3031 784 3105 nempe
806 3008 848 3082 ad
870 3027 1071 3084 extremum-r
1096 3010 1190 3084 idem
1210 3017 1307 3096 tubus
1329 3019 1448 3091 vitreus
1473 3019 1590 3092 iterum
1616 3023 1786 3100 cleriricos
1810 3031 1943 3110 ducatur
1962 3039 2061 3135 supra

538 3109 684 3184 eandem
700 3107 815 3184 bacilli·
830 3111 917 3181 cerei
937 3125 1083 3200 partem:
1107 3109 1210 3202 idque
1230 3113 1404 3205 aliquoties
1426 3118 1611 3210 repelatur,
1635 3120 1697 3194 sed'
1716 3125 1751 3196 in
1773 3132 1949 3208 rotundum
1973 3142 2060 3214 circa

513 3229 674 3293 1ειιιιιιι,
707 3210 768 3282 erit
791 3201 986 3280 eledlricitas
1012 3227 1054 3277 ex
1077 3205 1138 3279 hac
1163 3208 1272 3280 batilli
1295 3212 1382 3282 cerei
1406 3232 1507 3305 parte
1522 3213 1686 3292 reumata
1708 3242 1768 3313 per
1790 3227 1949 3310 vitream:
1982 3257 2061 3312 atta·
2178 3313 2182 3318 ,

538 3323 616 3375 men
637 3303 840 3394 aliquantum
865 3301 911 3372 cst
936 3299 1031 3391 pulsa·
1047 3304 1081 3373 in
1102 3303 1236 3376 alteram
1255 3305 1366 3376 bacilli
1390 3313 1484 3381 cerci·
1500 3332 1647 3404 partem,
1671 3319 1705 3388 in
1730 3341 1829 3410 quam
1853 3348 1922 3400 non
1946 3355 2062 3426 opem·

537 3417 608 3471 tum
628 3395 692 3468 suit
712 3399 850 3469 vitrum:
874 3393 934 3466 Est
954 3393 1021 3467 hoc
1035 3400 1301 3492 experimentum
1325 3401 1500 3494 Cantoni,
1524 3410 1687 3501 opinantis
1710 3411 1743 3485 ll'
1756 3417 1790 3490 in
1815 3441 1888 3494 cera
1914 3421 1950 3498 at
1975 3434 2060 3505 vitro

455 3509 463 3526 ⁸
538 3493 655 3567 eadem
670 3490 758 3564 foret
781 3487 999 3580 elediricitar,
1023 3515 1103 3567 eam
1116 3500 1244 3572 intera
1269 3496 1407 3575 austum
1440 3504 1479 3574 iri
1505 3503 1592 3602 (r).
1644 3509 1715 3584 Alli
1730 3505 1921 3611 Philosophi
1935 3524 2061 3618 duplici

539 3587 974 3682 eledlricitateimprobata,
999 3613 1098 3666 unam
1118 3597 1315 3674 inuniuerlo
1337 3598 1532 3689 statuentes,
1556 3603 1701 3700 suspicati
1726 3609 1815 3700 sunt,
1838 3615 1880 3692 ad
1903 3617 2060 3698 Refinoli

453 3727 458 3738 ι
539 3687 682 3770 fricata,
707 3687 755 3760 uti
775 3685 817 3760 ad
840 3685 961 3760 Ceram
986 3685 1260 3786 Hispaniensem,
1290 3695 1536 3772 eledlricltatem
1559 3705 1728 3781 celerrime
1751 3708 1906 3802 affluere,
1931 3721 2059 3796 evolare

537 3782 720 3882 languidius
734 3785 795 3860 vel.
810 3787 854 3860 in·
874 3789 999 3862 minori·
1016 3792 1130 3884 copia:
1156 3789 1303 3889 Quando
1321 3798 1461 3893 igitir-a
1485 3798 1570 3872 vino
1593 3799 1750 3878 clastrico
1774 3811 2061 3904 repulsi-pinnula

538 3883 573 3956 in
594 3883 669 3955 aere
689 3902 804 3972 natat,
835 3904 908 3959 earn
934 3883 1179 3975 elediricitate,
1212 3892 1381 3962 celerrime
1404 3893 1447 3963 ad
1471 3895 1653 3972 relinasum·
1668 3899 1857 3975 eledlricum
1885 3907 2058 4008 affluente,

537 3979 663 4072 abripi,
687 3979 808 4054 deinde
831 3985 962 4066 excuti,
985 3983 1147 4054 excussam
1169 3988 1286 4082 exigua
1307 3989 1395 4089 cingi
1417 3989 1648 4085 eledlticitate,
1673 3993 1708 4070 dt
1731 3998 1808 4070 ideo
1830 4005 1873 4075 ab
1896 4027 1956 4094 ea,
1982 4033 2057 4102 quae

535 4073 577 4148 ad
596 4079 711 4154 orbum
734 4079 872 4156 vitreum
893 4073 1030 4166 affluit,
1046 4077 1157 4152 denuo
1183 4079 1364 4174 plumulam
1387 4085 1491 4186 abripi
1515 4091 1558 4168 ad
1582 4095 1717 4186 tubum,
1739 4093 1858 4193 postea
1881 4103 1999 4179 iterum
2013 4110 2057 4181 ab

2014 4223 2055 4278 00

545 4312 548 4320 ’
575 4357 638 4438 ιι.)
657 4362 758 4428 torre
770 4367 849 4431 xm,
872 4367 917 4430 m
935 4366 1129 4434 arremare-
1140 4389 1206 4452 ιιι.
1222 4391 1271 4450 ιι.

247 4543 250 4550 Ι
531 4473 538 4486 ·
575 4439 639 4521 (a)
662 4439 757 4502 lxxa
780 4445 816 4506 ae
837 4443 953 4510 lacau.
974 4449 1054 4528 λοι.
1072 4451 1131 4515 Ao.
1148 4469 1237 4532 ιιιι.
1253 4473 1321 4542 pap
1336 4465 1413 4541 oro,
1437 4468 1515 4544 err,
1535 4469 1605 4542 aar..
1627 4473 1697 4546 ⁶40.
1717 4465 1887 4556 inlloaplt
1906 4471 2063 4544 iratam

578 4519 935 4684 rtpffniioimimna
955 4601 1017 4672 rol.
1031 4612 1082 4688 raa
1101 4627 1167 4694 pap
1183 4621 1254 4696 3562
