4282 5962
128 206 133 219 ·
253 182 1512 295 ETnasutas‘ruinoso-auarum.
1601 228 1661 315 ,a

113 396 220 468 niam:
257 388 351 463 idola
371 395 565 465 Americana
586 392 822 475 inveniuntur,
848 389 1048 481 Capiraneus
1063 389 1180 462 Gallus
1200 393 1366 464 accusatur
1381 380 1533 493 lliagiae,
1568 429 1648 478 con-

106 492 215 585 jicitur
237 494 270 561 in
293 512 480 574 carcerem,
515 485 551 559 δι
575 489 632 559 nili
659 487 728 581 ejus
753 490 942 563 innocentia
967 513 1009 563 ex
1030 491 1145 575 litteris
1171 486 1410 563 Gubernatoris
1444 497 1648 594 blattinique

108 590 150 661 ad
168 586 302 659 Ducem
323 586 589 659 Aurelianensem
608 584 705 657 millis
728 584 941 672 constitillet,
975 609 1012 660 ut
1036 586 1159 684 Magus
1177 585 1283 660 suisset
1307 590 1505 665 combustus.
1555 598 1644 674 Cum

110 685 142 756 T
145 685 234 756 hom.
253 683 350 755 Shaw
366 684 574 757 itinembatur
586 686 620 755 in
634 683 771 769 Africa,
793 702 926 775 eratque
948 707 1054 778 prope
1076 682 1207 757 flumen'
1220 684 1357 772 Zanati,
1380 687 1506 777 solum,
1535 693 1645 769 subtus

109 804 242 867 cavum,
266 783 308 852 ab
331 803 495 872 equorum
515 780 655 872 pedibus
688 781 851 855 cttlcatum
875 779 1069 855 resonabat:
1110 781 1237 855 Arabes
1256 784 1371 858 sonum
1401 790 1552 861 nrnsream
1577 792 1643 863 esse

107 878 337 970 Nympharum
353 881 398 951 ibi
421 882 633 952 habitantium
648 877 847 951 affirmabant
872 878 965 972 (a).
999 880 1072 952 Par-i
1094 878 1314 972 superstitione
1327 886 1389 955 atti
1405 885 1643 963 Mahumedani

108 972 272 1049 &Mauri
287 999 329 1049 ex
344 977 435 1048 collo
458 975 617 1048 infantum
635 975 831 1065 suspendunt
848 979 1025 1071 imaginem
1054 978 1200 1068 expansae
1222 1000 1357 1067 manus,
1383 1003 1534 1076 tanquam
1557 989 1643 1058 antis

106 1074 213 1147 daton
235 1074 386 1149 adversus
405 1076 544 1147 morbos
563 1072 760 1143 oculorum:
791 1072 893 1145 adulti
915 1094 1033 1168 gerunt
1054 1075 1190 1165 aliquod
1211 1080 1420 1165 proverbium
1446 1104 1486 1153 ex
1502 1084 1639 1159 Alcona

104 1192 153 1245 tto
170 1172 320 1245 adversus
344 1166 640 1248 intonationem&
653 1168 805 1266 Magos,
837 1188 908 1241 nura
932 1190 1047 1243 contra
1067 1170 1263 1243 rardehcium
1283 1172 1466 1269 ligaminis,
1488 1181 1549 1253 ssve
1567 1185 1638 1255 vin·

103 1269 216 1341 culum
231 1266 386 1356 Veneris,
411 1269 454 1341 de
476 1290 546 1361 quo
569 1270 690 1358 antiqui
707 1288 817 1358 poetae
831 1270 930 1339 etiam
948 1268 1080 1340 fabulati
1103 1268 1197 1354 sunt,
1220 1268 1298 1341 hinc
1311 1275 1404 1343 nesle
1425 1277 1524 1348 tribus
1544 1279 1641 1352 nodis

105 1386 216 1440 ternos
232 1369 378 1441 hmarilli
394 1368 545 1449 colores,
560 1364 810 1439 neileAmatilli
823 1365 953 1451 nodos,
965 1363 1146 1438 &Venetis
1163 1366 1352 1440 dicuineula
1365 1374 1462 1443 nesio
1481 1375 1557 1469 (b).
1573 1376 1641 1447 Sed

104 1486 223 1537 omnes
239 1467 413 1539 orientales
427 1467 564 1557 populi,
582 1462 713 1548 Persa„
732 1463 823 1548 ludi,
850 1462 1050 1549 Chinenses,
1072 1460 1274 1556 Japonenses
1292 1489 1411 1563 magna
1429 1470 1536 1543 adhuc
1549 1473 1642 1544 labo»

104 1582 179 1635 tant
196 1564 447 1655 superstitione,
478 1582 578 1653 quam
597 1561 765 1653 extemplo
786 1560 988 1648 desererent,
1014 1561 1037 1632 fi
1059 1561 1171 1633 nostro
1191 1582 1284 1633 more
1301 1565 1618 1658 philosopharentur.

102 1726 110 1737 ι
154 1681 228 1735 10⁹·
253 1658 370 1735 Docet
388 1662 485 1743 etiam
499 1658 656 1750 Phyllea,
683 1658 856 1750 quomodo
881 1658 1036 1750 ponenda
1058 1659 1120 1731 fint
1140 1656 1349 1751 praejudicia,
1374 1656 1639 1739 &examinanda

99 1778 249 1831 accurate
270 1763 381 1832 omnia
406 1757 544 1841 asserta,
578 1776 614 1826 ut
635 1777 805 1828 caveamus
821 1777 965 1827 errores:
992 1757 1081 1827 Ante
1105 1779 1230 1848 paucos
1246 1781 1351 1835 anuos
1369 1760 1517 1835 celeriter
1532 1764 1638 1835 divul-

97 1876 211 1954 gatum
234 1855 296 1929 suit
313 1859 425 1933 omnia
439 1856 514 1929 vasa
532 1874 623 1927 tanea
645 1850 681 1924 δι
705 1853 890 1929 orichalcea
906 1852 970 1925 else
993 1854 1117 1927 sanitati
1129 1853 1299 1943 himinum
1319 1857 1413 1930 valde
1433 1865 1552 1933 noxia:
1579 1882 1636 1932 ex·

98 1954 224 2047 templo
248 1954 356 2047 rejeeii
379 1955 526 2038 lebetes,
550 1955 690 2042 patinea,
717 1947 754 2021 dt
768 1951 1026 2025 utensiliamulta
1051 1974 1168 2027 aenea:
1201 1954 1257 2026 An
1281 1956 1354 2028 hoc·
1375 1959 1462 2029 reite
1485 1959 1636 2031 sedunt?

97 2042 334 2143 nequaquama'
363 2051 441 2125 ideo
465 2051 520 2123 Cl.
538 2048 635 2133 Eller
654 2070 792 2125 exanren
815 2050 955 2144 rigidum
978 2050 1144 2135 instituit,
1178 2054 1367 2146 invenitque
1390 2053 1521 2147 Aquam
1537 2056 1640 2130 solam

36 2142 44 2153 “
95 2149 220 2223 invase
242 2172 335 2231 που,
356 2153 512 2234 eostam,
535 2148 614 2219 nihil
634 2147 677 2218 de
700 2148 844 2238 partibus
864 2147 986 2223 metalli
1009 2147 1188 2219 sustulisse:
1227 2149 1341 2223 Mutia
1358 2152 1558 2243 aliquantum
1583 2176 1642 2226 ex·

95 2245 172 2317 elit
201 2268 316 2321 verum
338 2247 463 2335 pisces,
487 2265 630 2327 earnes,
663 2243 752 2313 olem
770 2248 866 2313 coda
884 2245 919 2313 in
938 2264 1023 2332 aqua
1046 2265 1123 2312 cum
1147 2244 1209 2315 sale
1234 2251 1360 2317 marino
1383 2248 1465 2319 nihil
1479 2254 1550 2321 aeris
1576 2250 1639 2322 soi·

94 2357 202 2412 arunt:
234 2338 312 2409 Nee
329 2340 421 2415 Lac,
447 2359 510 2404 nec
536 2337 591 2402 alii
618 2337 684 2403 cibi
697 2336 870 2425 vulgatest
902 2342 1049 2419 quamvis
1063 2341 1172 2427 negari
1190 2362 1356 2430 nequeat,
1378 2346 1457 2429 quin
1481 2350 1639 2432 Acetum,

90 2434 215 2509 Meus
242 2433 357 2519 Citri,
382 2430 607 2519 Ompliacium
629 2449 676 2495 aes
697 2426 897 2507 solvamur
917 2427 940 2493 fi
960 2429 1056 2511 cibi,
1087 2426 1186 2511 Lac,
1208 2430 1266 2501 diu
1286 2431 1431 2504 steterint
1447 2440 1481 2507 in
1501 2439 1579 2510 vasts
1595 2464 1640 2513 a·

88 2532 188 2611 meis,
215 2529 315 2597 veluti
328 2523 566 2595 Scheuchserus
586 2523 621 2590 in
638 2519 833 2589 monasterio
851 2517 1056 2603 observavit,
1089 2520 1259 2612 monachis
1279 2526 1488 2623 abaerugine
1508 2536 1542 2603 in
1560 2558 1640 2607 vert-

95 2626 219 2705 ericulo·
230 2619 268 2695 &
285 2622 442 2703 intestinis
450 2618 597 2703 ,colleda
609 2617 776 2703 enecatist
809 2614 873 2685 Sed
891 2613 1007 2685 celeris
1031 2615 1149 2687 solutio
1172 2622 1246 2707 saeris
1264 2641 1332 2693 non
1356 2621 1394 2693 fit
1408 2664 1430 2707 ,·
1454 2646 1526 2701 tuto
1540 2632 1640 2725 igitur

98 2725 132 2797 in
148 2722 205 2795 usu
219 2719 367 2795 uasorum
387 2736 555 2789 aeneotum
575 2713 726 2804 prudenti
748 2708 1014 2800 perseveramus,
1038 2714 1073 2782 in
1091 2716 1204 2803 primis
1220 2716 1242 2786 ii
1275 2710 1346 2812 (c)
1380 2720 1546 2796 incoiium
1565 2724 1636 2799 fue·

92 2819 330 2901 ritllannum!
373 2813 476 2888 Simili
502 2811 607 2883 modo
630 2807 797 2898 quondam
811 2806 1107 2901 experientillimus,
1122 2808 1261 2884 Rhedus
1283 2814 1425 2906 plurima
1442 2825 1639 2897 examinavit

93 2919 261 3002 remedia,
273 2934 415 3004 quorum
438 2908 593 2981 miranda
608 2908 741 2985 virtutos
756 2903 1041 2993 praedicabantur,
1065 2906 1254 2982 assertorum
1265 2910 1431 2986 sallaciam
1447 2908 1637 3019 detegendo

87 3014 304 3089 Medicinam
322 3009 363 3080 ab
381 3002 557 3081 innumeris
575 3001 936 3096 purgaviterroribus,
968 3003 1155 3099 deque-hac
1180 3006 1312 3084 seientia
1331 3006 1371 3083 ἃ
1394 3012 1528 3107 Physica
1545 3022 1633 3111 opti-

92 3132 150 3185 me
172 3113 304 3183 meritus
322 3107 378 3179 eii.
1022 3182 1027 3191 .
1055 3186 1060 3193 .
1616 3126 1622 3195 -’

30 3224 37 3239 ·
86 3262 89 3269 .
148 3215 223 3281 11⁰.
249 3206 383 3296 Phyfica
397 3204 432 3275 id
451 3201 595 3275 utilitatis
620 3202 717 3273 etiam
741 3199 864 3288 affert,
897 3202 989 3293 quod
1012 3205 1167 3278 miracula
1186 3206 1295 3280 divina
1313 3212 1348 3281 in
1369 3211 1534 3286 elariiiimi
1555 3216 1632 3299 luce

95 3327 218 3402 ponat:
244 3326 319 3377 nam
340 3302 472 3395 physica
495 3300 597 3371 docet
616 3299 705 3396 leges
721 3320 862 3387 naturae,
886 3297 922 3371 ἃ
943 3304 1116 3393 quomodo
1134 3326 1277 3397 corpora
1297 3329 1472 3399 operentur
1493 3316 1525 3384 in
1541 3315 1631 3402 alia,

86 3406 205 3500 ‚qtaales
229 3422 365 3474 eventus
392 3399 588 3489 contingunt
607 3396 731 3487 semper
801 3397 826 3468 st
855 3400 1011 3489 quasdam
1030 3404 1174 3475 ustiones
1189 3427 1203 3473 a.
1235 3403 1328 3475 sedfi
1348 3407 1405 3479 alii
1420 3412 1453 3481 in
1474 3410 1629 3486 fimilibus

93 3501 322 3579 occasionibus
345 3513 480 3564 eventus
502 3491 728 3575 observentur,
803 3498 860 3583 qui
878 3498 920 3564 ab
933 3501 1178 3585 operationibus
1193 3501 1341 3575 hmilium
1358 3527 1533 3599 corporum
1550 3534 1629 3603 pro·

94 3603 172 3675 duci
191 3618 261 3667 non
273 3608 485 3683 potuerunt,
506 3581 688 3681 &legibus
706 3607 826 3659 naturae
845 3592 1069 3677 adversantur,
1085 3595 1120 3665 hi
1136 3599 1315 3669 miraculosa
1337 3602 1426 3675 suut:
1451 3606 1485 3676 Si
1499 3608 1627 3694 mulier,

95 3722 166 3790 quae
193 3690 361 3763 menstruis
381 3683 522 3769 dillluat,
549 3686 688 3779 tetigerit
705 3683 827 3755 vellem
852 3684 1012 3771 Medici,
1043 3710 1111 3761 non
1132 3695 1321 3764 curabitur:
1358 3700 1538 3794 srtangeus
1557 3703 1625 3776 Vc.-

96 3797 176 3868 slem
193 3785 314 3862 Christi
336 3802 445 3861 curata
460 3781 515 3864 fit,
541 3780 733 3853 miraculum
758 3781 825 3851 ella
866 3782 900 3851 Si
927 3785 1040 3855 umbra
1054 3789 1189 3875 ,viatoris
1211 3811 1371 3885 agrotum
1396 3795 1549 3870 duntaxat
1566 3803 1627 3872 ob·

92 3889 249 3968 umbret,
280 3904 350 3955 non
371 3877 537 3967 extemplo
558 3879 599 3948 ab
616 3877 805 3973 egritudine
823 3898 954 3950 curatus
976 3882 1067 3964 erit,
1099 3905 1175 3955 cum
1202 3888 1316 3958 umbra
1339 3890 1376 3961 fit
1396 3912 1518 3964 tantum
1544 3896 1626 3975 lucis

87 3984 290 4076 ,danaprin
327 3979 350 4055 fi
375 3998 482 4055 nmen
500 3975 537 4048 id
556 3976 699 4052 evenerit
724 3976 766 4049 ab
788 3974 1095 4072 Umbrahpostoli
1112 4031 1128 4069 ,‚
1163 3976 1354 4073 miraculum
1376 3988 1423 4063 est
1447 3991 1539 4091 (d).
1588 3996 1624 4075 Si

1554 4096 1632 4188 aua

130 4278 192 4361 (a)
209 4275 337 4357 Transit
356 4285 390 4337 1⁰
408 4276 537 4359 Bubul
554 4292 623 4359 Pi&
645 4242 740 4363 ,¹³lr'.
774 4248 783 4257 ¹

86 4377 102 4437 .²=
134 4360 193 4439 (b)
216 4348 356 4431 Virgilius
381 4357 410 4414 lu
430 4356 533 4432 Eclog·
552 4361 581 4421 8.
602 4350 641 4418 vs.
659 4373 708 4431 Π.
793 4372 802 4385 ·
1019 4374 1030 4389 ⁴

103 4452 109 4461 ·
132 4439 189 4513 lc)
211 4433 379 4495 L’llistoire
394 4432 432 4492 de
446 4434 574 4495 L'hcad.
590 4434 626 4495 de
646 4436 745 4496 Berlin
762 4437 817 4501 ΔΟ.
833 4450 922 4514 1754.
944 4455 1009 4518 pag.
1032 4452 1061 4513 3.

136 4516 194 4597 ld)
215 4511 470 4593 aaanpollolor.
494 4513 565 4594 Cap.
590 4531 619 4589 ς.
650 4516 722 4579 veti
748 4533 794 4593 ις.
895 4593 927 4668 C
1170 4600 1179 4614 ·

954 4614 977 4687 3
1116 4611 1421 4681 ‘tutasti'
