4538 6072
579 328 634 417 66
868 318 1369 426 DESPATIO
1425 321 1754 420 VACUO.

579 525 647 598 veri
658 521 778 609 ‚veluti
794 543 933 614 corpora
949 539 1140 606 mouentum
1165 541 1228 592 nec
1243 513 1284 591 in'
1292 539 1399 612 partes
1417 521 1573 615 discerpi,
1598 547 1674 596 nam
1690 529 1724 600 id
1741 527 1842 622 Spatii
1860 535 2113 628 proprietatibus

581 621 782 694 adversatur:
808 621 985 711 improprie
1001 617 1194 688 Mutationis
1212 639 1313 709 capax
1334 620 1476 704 dicitur,
1502 642 1661 712 quatenus
1680 627 1730 698 vel
1746 628 1887 719 repletur
1900 638 2111 726 corporibus,

583 737 717 807 tumque
739 717 872 807 plenum
890 716 953 800 lit,
976 716 1029 788 vel
1051 716 1175 786 deletis
1186 717 1379 806 corporibus
1411 739 1547 788 vacuum
1573 719 1636 805 lit,
1669 729 1802 816 proprie
1832 733 1919 801 enim
1948 753 2114 826 nunquam

582 815 684 906 ipsum
713 813 859 904 Spatium
886 832 1048 904 mutatur,
1074 833 1173 904 quare
1191 809 1311 884 &lraee
1324 811 1467 904 objesiio
1484 815 1654 893 evanescit.

579 943 583 958 '
633 931 664 1028 §-
692 927 884 1002 CLXXIV.
911 929 969 1000 Est
992 930 1138 1021 Spatium
1155 927 1303 1001 Univetsr
1323 925 1487 1016 Unicum,
1513 929 1701 1021 invisibile,
1733 935 1899 1028 lntaeiile,
1916 937 2116 1036 Extensum,

581 1029 724 1102 Insmitae
741 1028 979 1119 amplitudinis,
1004 1049 1067 1098 nec
1084 1027 1157 1097 ullis
1181 1027 1335 1098 limitibus
1353 1030 1588 1115 terminatum,
1624 1029 1659 1102 &
1683 1035 1758 1106 ideo
1787 1040 1879 1128 plura
1898 1041 1995 1134 spatia
2023 1045 2115 1117 stmul

582 1127 647 1198 else
668 1145 857 1215 nequeunt,
883 1147 951 1195 uno
967 1123 1095 1195 infinito
1121 1124 1360 1214 complessente
1377 1129 1486 1196 omnia
1512 1128 1596 1213 alia,
1622 1151 1696 1220 quae
1717 1153 1810 1204 mens
1835 1141 1978 1232 cogitare
1999 1143 2117 1228 vellet,

582 1225 616 1294 in
636 1225 746 1314 Spatio
765 1226 861 1317 igitur
876 1222 1004 1291 infinito
1020 1219 1276 1305 necsummum,
1302 1243 1363 1306 nec
1383 1223 1549 1310 infimum,
1575 1245 1636 1296 nec
1652 1248 1831 1304 extremum
1855 1237 1926 1304 eli:
1957 1238 2048 1328 quod
2070 1239 2117 1310 est

584 1318 861 1413 Homogeneurn‚
889 1319 943 1388 fibi
969 1319 1072 1388 ubivis
1093 1315 1225 1402 Simile,
1250 1319 1306 1388 stbi
1329 1319 1562 1407 Continuum,
1589 1322 1783 1412 lmmobile,
1812 1327 2046 1419 individuum,
2081 1338 2116 1408 in

584 1439 654 1509 quo
666 1438 772 1508 partes
793 1414 913 1508 nullia,
937 1437 1012 1485 cum
1026 1413 1106 1485 nihil
1125 1415 1161 1484 lit
1176 1418 1209 1486 in
1226 1416 1367 1506 Spurio,
1393 1418 1484 1506 quod
1506 1411 1630 1508 pa'rtern
1655 1425 1674 1491 d
1702 1445 1792 1514 parte
1815 1427 2004 1524 dillinguit:
2036 1453 2117 1504 atra·

582 1537 660 1586 men
673 1517 707 1585 in
723 1537 764 1584 eo
776 1516 944 1604 portiones
959 1513 1106 1602 intercipi
1123 1533 1141 1580 a
1157 1514 1352 1604 corporibus
1374 1515 1562 1586 distantibus
1580 1515 1735 1606 possunt,
1762 1521 1812 1592 hae
1829 1526 2020 1616 interceptae
2037 1551 2115 1620 por-

584 1615 691 1683 tiones
715 1611 832 1680 limites
855 1611 909 1680 libi
926 1611 1078 1698 proprios
1099 1609 1174 1678 ideo
1196 1632 1264 1680 non
1280 1612 1462 1702 recipiunt,
1482 1611 1535 1683 sed
1552 1613 1668 1686 limites
1681 1616 1751 1688 sunt
1763 1627 1886 1710 proprii
1903 1630 2115 1714 corporibus:
2165 1679 2168 1686 ·

583 1704 756 1782 Portiones
770 1711 962 1796 interceptae
981 1705 1080 1794 Spatii
1098 1707 1180 1774 inter
1209 1727 1348 1797 corpora
1371 1710 1504 1779 inlinitis
1518 1712 1625 1781 modis
1642 1708 1678 1782 dt
1691 1719 1965 1809 magnitudinibus
1986 1721 2116 1796 differre

583 1801 740 1898 possunt,
774 1799 1106 1892 &quodatnmodo‚
1134 1802 1210 1874 licet
1231 1806 1438 1894 improprie,
1477 1807 1660 1878 mensurari.
1710 1811 1768 1881 Eli
1789 1835 1942 1903 praeterea
1969 1820 2115 1910 Spatium

584 1899 818 1974 Penetmbilea
835 1901 1027 1990 corporibus
1044 1883 1163 1992 absque
1180 1901 1368 1986 resilentia,
1387 1902 1445 1972 suo
1459 1905 1634 1994 complexu
1652 1911 1761 1978 omnia
1776 1933 1914 2000 corpora
1928 1921 2115 2009 continens,

583 2019 682 2089 atque
701 2000 741 2068 iis
754 2017 879 2068 motum
898 2000 931 2067 in
957 1996 1011 2079 se,
1037 1995 1148 2088 &per
1168 1998 1218 2082 se,
1238 1998 1435 2070 concedens.
1486 1999 1543 2070 Est
1571 2005 1668 2098 igitur
1686 2006 1831 2096 Spatium
1856 2009 1925 2080 Ens
1949 2013 2112 2104 aliquod,

583 2117 652 2167 non
670 2094 805 2185 qualitas
820 2096 969 2185 quaetlarn
987 2093 1163 2166 substantia
1182 2119 1191 2165 :
1217 2097 1360 2187 qualitati
1375 2098 1463 2168 enim
1479 2099 1646 2190 qualitates
1660 2101 1789 2175 diversae
1811 2125 1880 2175 non
1892 2107 2020 2198 insunt,
2037 2134 2116 2203 quu-

583 2190 631 2264 les
659 2193 821 2284 in'Spatio
842 2189 1109 2263 enutueiavimus.
1435 2235 1439 2247 ·
1461 2228 1465 2239 ·

631 2303 662 2402 5.
688 2305 865 2376 CLXXV.
892 2303 1054 2376 Aduerlits
1076 2299 1270 2374 infinitatem
1287 2303 1387 2394 Spatii
1411 2306 1508 2375 etiam
1531 2303 1659 2378 Eruditi
1680 2307 1928 2384 insurrexerunt.
1979 2315 2066 2386 Cum
2082 2340 2145 2404 e-,

580 2406 648 2476 nim
670 2403 818 2492 Spatium
840 2401 1034 2492 corporibus
1048 2401 1213 2490 capiendis
1238 2399 1370 2481 serviat,
1395 2421 1535 2490 quorum
1555 2425 1622 2472 non
1655 2423 1778 2474 tantum
1803 2409 1975 2494 quodlibet
1994 2417 2119 2506 magni·

582 2499 693 2570 tudine
708 2499 753 2566 eil
771 2498 919 2578 linitum,
945 2497 999 2566 sed
1017 2515 1169 2564 numerus
1180 2497 1347 2577 omnium,
1376 2515 1454 2594 qqae
1479 2494 1668 2566 Universum
1685 2521 1890 2588 componunt
1906 2556 1914 2580 ,
1928 2505 1973 2570 est
1988 2503 2118 2594 linitus,

581 2618 657 2666 cum
675 2593 848 2684 quodlibet
864 2614 984 2680 corpus
1009 2591 1045 2658 fit
1063 2589 1208 2658 Univerfi
1224 2613 1298 2680 pars
1316 2613 1324 2655 :
1350 2589 1434 2658 Illud
1457 2593 1553 2684 igitur
1567 2593 1735 2681 Spatium,
1753 2597 1843 2684 quotl
1866 2620 1955 2668 extra
1978 2623 2118 2693 corpora

580 2690 688 2771 foret,
715 2690 826 2778 ajunt,
848 2685 1116 2775 supervacaneum
1132 2703 1228 2772 atque
1246 2683 1359 2752 inutile
1379 2684 1444 2768 ell,
1470 2707 1611 2775 cumque
1627 2685 1694 2756 Dei
1716 2689 1878 2780 Sapientia
1900 2717 1967 2765 non
1985 2701 2117 2788 permit·

583 2787 638 2868 tit,
665 2803 701 2852 ut
719 2781 841 2872 aliquid
861 2778 1058 2872 superfluum
1080 2775 1114 2845 dt
1139 2777 1250 2847 inutile
1267 2779 1404 2862 existat,
1440 2781 1585 2869 Spatium
1609 2805 1744 2874 quoque
1764 2809 1832 2856 non
1857 2791 1917 2860 erit
1939 2791 2115 2870 Infinitum.

581 2877 709 2951 Verum
729 2877 908 2950 notandum
924 2875 979 2946 hic
992 2875 1067 2958 erit,
1087 2875 1186 2964 Spatii
1203 2876 1425 2946 extenfionem
1448 2877 1613 2949 volumine
1629 2887 1819 2954 cundorum
1835 2907 2011 2978 corporum
2037 2895 2118 2965 defi·

584 2976 689 3049 derasi
721 2973 915 3066 majorem,
941 2973 1017 3063 quia
1045 2971 1079 3041 in
1107 2973 1220 3061 Spatia
1245 2991 1418 3044 moventur
1440 2993 1579 3063 corpora
1606 2975 1771 3062 caelestia,
1795 2977 1917 3054 &non
1949 2990 2119 3076 quiescunt

583 3075 753 3166 cumpadis
771 3093 913 3158 tantum;
938 3091 976 3142 ea
997 3071 1143 3153 moveri,
1158 3089 1199 3137 ex
1216 3065 1356 3142 Planetis
1371 3067 1404 3136 dt
1420 3071 1569 3138 Conteris
1587 3094 1749 3161 apparet,
1765 3077 1875 3144 Solem
1894 3084 2036 3154 nostrum
2048 3111 2118 3157 am.

582 3174 659 3244 bien
675 3173 772 3255 ibus,
804 3171 923 3261 quibus
935 3168 1020 3240 sorte
1044 3165 1161 3236 ssmiles
1175 3165 1303 3236 ultimas
1319 3163 1354 3234 dt
1374 3163 1593 3236 remotissimas
1618 3167 1722 3262 liellas
1747 3170 1825 3239 liras
1842 3176 2117 3252 circumnesiunt:

585 3269 652 3341 Sed
672 3271 784 3358 ecquis
802 3287 918 3337 omnes
936 3265 1037 3344 sines,
1060 3284 1145 3355 quos
1168 3261 1224 3331 fibi
1240 3260 1336 3332 Deus
1355 3263 1387 3331 in
1413 3264 1554 3332 creando
1574 3263 1686 3354 Spatio
1709 3268 1906 3358 proposuit,
1927 3277 2116 3369 cognovit?

584 3368 730 3458 quamuis
748 3365 835 3434 eninr
850 3363 1078 3434 nonnullarum
1092 3375 1198 3432 rerum
1215 3359 1384 3430 utilitatem
1401 3361 1567 3450 extemplo
1589 3384 1656 3432 non
1679 3365 1907 3454 perspiciamus
1926 3420 1938 3451 ,
1971 3373 2048 3443 ideo
2065 3373 2115 3446 su·

583 3479 798 3556 pervacaneas
819 3455 854 3529 ἃ
872 3459 1045 3550 superfluas
1063 3459 1126 3529 else
1147 3475 1202 3526 eas
1220 3455 1354 3530 all'erere
1370 3479 1437 3528 non
1457 3458 1559 3527 licet:
1585 3463 1627 3529 ita
1647 3483 1780 3551 quoque
1796 3485 1928 3535 omnem
1946 3468 2114 3543 utilitatem

583 3555 703 3648 reliqui
724 3555 824 3648 Spatii
839 3558 986 3629 nondum
1010 3557 1218 3636 deteximus,
1244 3578 1307 3627 nec
1325 3576 1423 3648 quare
1439 3552 1695 3646 Deusspauum
1719 3559 1882 3632 infinitum
1898 3561 2022 3636 fecerit.
2046 3570 2116 3640 Alii

587 3653 782 3728 latinitatem
796 3655 909 3745 Spatio
936 3656 1160 3736 detraxerunt;
1195 3647 1284 3744 Quia
1307 3675 1346 3722 ex
1362 3669 1475 3721 eorum
1499 3652 1651 3724 sententia
1666 3677 1878 3750 quotcunque
1905 3657 1939 3730 dt
1966 3685 2116 3752 quantas·

584 3771 717 3842 cunque
732 3773 782 3821 res
799 3771 920 3822 creatas
938 3750 1032 3822 Deus
1054 3749 1264 3840 produxerit,
1289 3766 1325 3818 ut
1339 3749 1406 3820 illae
1429 3771 1544 3819 omnes
1559 3749 1611 3820 sua
1634 3771 1746 3820 natura
1771 3753 1870 3822 finitae
1893 3756 2115 3849 temperant,

583 3847 711 3921 necesse
737 3849 793 3919 eli.
844 3849 909 3918 Sed
936 3847 1002 3917 boe
1020 3845 1163 3917 asseritur
1185 3846 1317 3930 modo,
1342 3868 1479 3936 eamque
1506 3845 1719 3920 neeelstatem
1737 3869 1803 3916 non
1828 3849 2002 3937 videmus,
2035 3859 2117 3948 quid

581 3945 669 4016 enim
700 3943 812 4026 obeli,
838 3947 916 4034 quin
943 3933 1037 4015 Deus
1063 3946 1273 4034 omnipotens
1302 3941 1397 4034 poffit
1420 3965 1488 4013 rent
1508 3965 1652 4034 creare,
1677 3947 1730 4012 eui
1757 3947 1987 4036 proprietatem
2016 3975 2117 4026 unam

579 4041 730 4114 infundat
754 4039 932 4125 infinitam,
956 4039 1073 4132 procul
1099 4040 1174 4112 haec
1190 4037 1298 4111 differt
1319 4043 1360 4111 ab
1385 4037 1471 4110 Ente
1487 4039 1631 4132 undique
1649 4039 1801 4126 Infinit0‚
1826 4039 1996 4132 AEtetno‚
2011 4041 2115 4123 lntel·

584 4137 723 4233 ligente,
750 4133 785 4210 ἃ
813 4139 1074 4229 lndependeme:
1101 4137 1166 4209 Sed
1187 4140 1209 4210 st
1228 4159 1278 4209 res
1296 4138 1456 4232 ejtrsmoui
1474 4141 1575 4209 creari
1592 4159 1754 4229 nequeat,
1779 4141 2031 4233 omnipotentiae‘
2047 4145 2114 4220 Di·

583 4237 665 4310 vinae
687 4237 804 4308 limites
829 4257 1007 4330 ponuntur.

632 4343 663 4444 b.
689 4347 882 4421 CLXXVI.
918 4345 1082 4419 Praeterea
1110 4369 1150 4418 an
1173 4372 1239 4423 non
1262 4352 1459 4445 oportebat,
1489 4370 1525 4422 ut
1554 4349 1648 4423 Deus
1677 4355 1918 4453 Omnipotens,
1944 4387 2109 4440 creaturus

582 4442 770 4526 Mundum,
795 4447 907 4518 ederet
941 4444 1092 4519 effessum
1128 4447 1194 4520 suae
1218 4453 1374 4540 potentia
1405 4447 1552 4522 inlinitae'
1566 4457 1848 4532 convenientem?
1874 4484 1914 4533 au
1946 4465 2045 4560 igitur
2063 4464 2109 4536 es·

582 4541 684 4615 fenus
706 4545 760 4615 ille
783 4564 909 4636 poterat
933 4541 998 4614 else
1021 4567 1159 4634 parvus,
1181 4548 1243 4618 srve
1262 4549 1434 4632 minimus,
1459 4569 1500 4618 an
1527 4551 1646 4624 mediae
1672 4560 1921 4652 magnisonum,
1946 4584 1986 4634 an
2007 4565 2109 4636 maxi.

581 4635 786 4718 musi‘Duo
797 4643 923 4736 priores
942 4638 1077 4714 effeetus
1098 4665 1168 4717 non
1188 4645 1387 4724 conueniunt
1412 4665 1492 4766 cum
1521 4644 1645 4722 infiniti
1665 4637 1813 4747 pote'ritia‘
1841 4648 1882 4727 δι’
1899 4652 2109 4754 intelligentia

1480 4795 1483 4801 ·
2024 4753 2107 4826 Dei:
