4282 5962
380 372 383 376 ,
468 295 560 399 pn
597 284 1083 383 coflnnnunrn
1119 282 1614 383 nt'rrnurrrnru.
1711 318 1799 409 407

261 557 336 639 nis,
353 544 576 639 circumplexu
610 506 832 665 5³-brevior,
858 553 984 605 tantum
1008 532 1150 605 sustinuit
1172 528 1344 629 liutger.
1402 536 1468 611 Sed
1483 564 1524 613 ex
1545 545 1659 617 eadem
1675 568 1793 619 canna·

260 701 346 774 nube
381 693 491 767 fimilis
537 691 654 763 duetus
684 684 770 761 funis
802 679 840 753 δι
876 680 1012 795 Ιιιιίοτ,Ι
1043 684 1099 774 qui
1131 701 1256 756 tantum
1282 651 1336 815 ἦ·
1366 702 1460 777 parte
1488 686 1700 785 longitudinis
1731 698 1794 768 cir,

266 845 441 939 cumplexu
464 833 777 917 brennensem,
801 828 935 927 gestavit
957 840 993 912 iis
1021 834 1132 925 5187.

311 945 395 1017 Tres
425 934 506 1013 fecti
531 938 603 1008 sunt
626 955 667 1004 ex
694 931 809 1003 eadem
830 928 976 1001 cannabe
1006 928 1121 1013 funes,
1143 933 1229 1023 paris
1253 935 1415 1033 gravimtis
1444 938 1477 1007 in
1501 936 1617 1009 eudem
1649 936 1793 1035 longitu.

264 1092 365 1178 iiner
392 1092 518 1183 primus
542 1080 766 1173 circumplexu
786 1076 829 1151 ad
856 1040 1171 1203 {abbreviatum
1194 1078 1313 1155 naeus
1336 1081 1398 1153 fuit
1423 1103 1442 1153 a
1465 1078 1501 1153 ὖ
1528 1087 1637 1179 4098.
1669 1089 1795 1163 Secun-

263 1243 324 1314 dus
357 1256 449 1330 parre
473 1201 530 1363 -Ξ-
558 1230 790 1314 abbreviatus,
822 1228 876 1300 vix
898 1224 1081 1303 sustentavit
1113 1232 1147 1297 tn
1172 1208 1281 1321 4850.
1330 1228 1463 1305 Tertius
1486 1199 1608 1361 ιιι-ἔ·
1637 1238 1798 1324 breuior,

263 1386 388 1462 imitus
410 1384 472 1455 fuit
495 1406 514 1454 a
539 1376 574 1452 ir
602 1379 709 1475 6205.
762 1358 861 1449 lldeo
877 1394 914 1447 ut
937 1374 977 1449 lit
997 1374 1234 1468 tertulinum,
1258 1380 1373 1455 funem
1398 1384 1556 1456 intortum
1581 1384 1633 1457 vel
1655 1384 1794 1475 compli-

267 1506 377 1559 catum
406 1480 583 1563 infirmari:
626 1476 703 1547 ideo
735 1492 896 1565 oportet,
927 1495 1003 1547 cum
1028 1473 1155 1549 cmffiot
1180 1498 1222 1549 ex
1245 1479 1373 1573 aliquot
1397 1480 1599 1555 tenuioribus
1623 1482 1670 1554 est
1693 1480 1797 1553 coufi-
1911 1574 1914 1579 .

265 1634 430 1720 ciendos,
453 1649 491 1703 ut
513 1625 617 1701 ruodo
648 1586 697 1744 {-
727 1640 820 1715 parte
842 1620 1057 1717 longitudinis
1080 1624 1309 1719 circumplexu
1328 1628 1553 1703 minuunt:
1577 1630 1671 1720 quod
1692 1628 1716 1700 li
1737 1629 1813 1700 mis

265 1804 328 1855 nus
352 1776 635 1869 circumplicetur,
658 1790 715 1843 aut
737 1787 948 1863 torqueatur,
972 1768 1019 1841 est
1043 1772 1140 1844 nimis
1164 1770 1273 1847 laxus,

312 1896 347 1997 5.
371 1891 579 1975 MCXVlll.
607 1889 807 1981 Plerumque
830 1888 993 1959 ducuntur
1013 1884 1109 1963 funes
1135 1911 1176 1962 ex
1199 1888 1301 1962 tribus
1326 1888 1389 1963 filis
1409 1891 1464 1964 vel
1480 1890 1633 1965 lisni'culis
1649 1896 1805 1963 inunum

266 2002 301 2069 in
325 1992 504 2065 rotundum
525 1989 653 2080 plicatis
674 1986 726 2057 vel
751 1987 864 2057 tortis:
888 2004 1001 2057 voum
1025 1986 1188 2061 interdurn
1214 2006 1462 2085 componuntur
1481 2010 1523 2060 ex
1548 2012 1592 2082 4,
1619 2009 1663 2083 5,
1688 1990 1739 2061 vel
1767 1990 1802 2060 6.

268 2090 373 2164 fimul.
420 2084 568 2197 Quando
591 2082 674 2155 fiunt
696 2102 740 2153 ex
763 2104 800 2175 4.
826 2082 920 2253 gine
941 2082 1083 2156 medulla
1104 2086 1233 2170 media,
1259 2108 1335 2178 quas
1358 2088 1455 2161 etiam
1488 2085 1569 2158 solet
1595 2085 1660 2159 elle
1682 2084 1806 2255 &⁰1³2

270 2184 437 2355 urmffisunt
458 2181 652 2267 uulidrores,
675 2199 776 2273 quam
799 2178 831 2251 fa
869 2180 880 2249 i
903 2200 949 2251 ex
968 2180 1070 2253 tribus
1090 2180 1274 2271 funiculis,
1309 2184 1388 2255 licet
1416 2182 1562 2279 ejusdem
1586 2182 1742 2277 ponderis

271 2307 325 2359 cra
360 2304 429 2353 ner.

277 2416 298 2437 -·
319 2382 355 2454 Si
377 2379 463 2449 funis
485 2392 704 2467 componatur
725 2392 767 2443 ex
793 2370 827 2443 6.
851 2366 1004 2441 funiculis
1028 2372 1121 2439 rirnul
1145 2374 1239 2440 turris
1260 2377 1348 2440 circe
1375 2376 1551 2449 medullam
1572 2378 1733 2459 mediam,
1758 2377 1808 2448 eil

271 2478 378 2555 tdlruc
399 2473 535 2547 fortior:
561 2473 650 2544 Nam
677 2468 803 2542 constat
824 2489 867 2541 ex
886 2465 1047 2539 helicibus
1071 2466 1128 2537 lon
1154 2466 1299 2551 oribus,
1322 2486 1356 2537 m
1401 2470 1426 2537 's
1450 2466 1665 2551 distantibus,
1690 2470 1726 2543 lit
1743 2476 1806 2541 mi·

272 2600 334 2650 raus
359 2576 476 2646 tortist
509 2568 663 2641 Medulla
685 2586 794 2637 autern
824 2565 934 2635 media
963 2584 1033 2633 non
1064 2484 1330 2637 conluctatur
1402 2614 1415 2651 ,
1446 2564 1501 2635 sed
1527 2585 1658 2639 tantum·
1675 2568 1810 2639 inservit

272 2674 401 2753 trunti
423 2668 542 2741 medie
563 2662 758 2757 implendae,
783 2657 819 2731 ἅ
844 2679 882 2731 ut
902 2658 997 2731 limes
1020 2662 1145 2731 externi
1166 2658 1315 2733 ordinere
1331 2660 1418 2733 circa
1435 2661 1611 2743 medullam
1630 2680 1805 2752 torquean.

272 2791 335 2849 tur.
385 2762 536 2861 Quando
559 2762 645 2835 lunis
665 2758 790 2854 vulgnrl
810 2757 916 2831 modo
936 2776 979 2827 err
1002 2758 1109 2831 tribus
1128 2754 1398 2833 funiculistortis
1420 2757 1676 2843 conficiebatur,
1700 2756 1811 2855 frangi

271 2869 381 3049 gotuit
403 2886 423 2935 a
447 2860 482 2933 lb
510 2860 592 2953 875.
643 2857 710 2929 Sed
731 2852 818 2927 funis
838 2852 984 2947 eiusdem
1006 2852 1164 2946 ponderis
1175 2872 1227 2949 ¹ex
1251 2852 1293 2925 6.
1311 2851 1382 2925 ali’n
1405 2854 1500 2927 fimul
1524 2857 1617 2929 tortis
1641 2876 1719 2929 curn
1736 2876 1809 2929 rne-

296 2964 364 3037 ulia
384 2958 492 3033 media
515 2955 649 3052 geilavit
671 2950 850 3045 iis-1325.

315 3080 358 3167 .§.
385 3070 562 3149 MCXlX.
587 3070 735 3164 Quando
755 3066 844 3138 funis
866 3065 996 3139 crallior
1017 3064 1152 3157 paulum
1167 3066 1242 3161 plus
1261 3085 1452 3158 torquetur,
1476 3069 1597 3142 deinde
1616 3088 1811 3161 retorquen-

277 3175 492 3290 doolaxatur,
514 3164 651 3238 ualidior
672 3164 719 3237 est
733 3162 893 3279 paulurn,
917 3184 1016 3255 quarn
1039 3162 1063 3234 li
1088 3183 1295 3258 torqueretur
1319 3184 1444 3237 tantun
1473 3168 1585 3239 modo·
1603 3166 1651 3239 tri
1669 3165 1813 3239 euidens

275 3275 467 3459 austerque&
482 3360 569 3435 funis
593 3354 819 3453 retorquendo
840 3356 1001 3433 unnim
1018 3358 1066 3431 est
1082 3410 1101 3445 ,
1128 3360 1267 3453 quando
1292 3364 1341 3437 ell
1374 3363 1422 3435 ira
1448 3362 1663 3449 constitutas,
1688 3378 1726 3433 ut
1751 3358 1815 3433 srbi

278 3464 466 3540 commillus
487 3459 609 3533 formet
632 3460 762 3541 nod0s;
788 3454 852 3527 five
877 3456 909 3525 se
933 3454 1095 3542 inflectat,
1120 3463 1286 3552 geminet,
1312 3458 1348 3533 δι
1374 3480 1525 3553 torqueat
1548 3459 1614 3534 lroc
1638 3458 1743 3532 modo
1769 3460 1810 3535 ἕ.

285 3630 290 3641 ,
330 3562 477 3658 Quando
506 3559 594 3631 funis
627 3552 744 3625 crassus
767 3571 809 3621 ex
839 3552 942 3621 tribus
964 3550 1036 3621 aliis
1060 3554 1253 3637 conficitur,
1280 3556 1349 3646 ejus
1375 3579 1441 3629 una
1466 3562 1651 3631 extremitas
1671 3555 1816 3653 affigitur

281 3660 474 3747 manibrio,
499 3652 593 3749 quod
616 3648 756 3725 versatur
776 3648 811 3719 in
832 3646 1009 3719 rotundum
1027 3650 1061 3719 in
1085 3648 1186 3719 rhedi
1208 3650 1346 3738 mobili,
1370 3652 1470 3725 ultera
1492 3657 1677 3726 extremitas
1700 3674 1816 3727 manet

281 3759 367 3849 fixa,
392 3776 462 3829 tum
487 3750 590 3825 rheda
613 3766 766 3821 oriemur
789 3745 970 3837 pondere,
1000 3765 1036 3816 ut
1059 3744 1139 3831 dum
1172 3744 1259 3818 funis
1283 3768 1520 3839 contorquetur
1544 3750 1578 3821 in
1602 3750 1811 3834 rotundum,

284 3856 323 3935 δί
339 3846 562 3933 abbreviitllrs
583 3854 716 3919 'mm
736 3840 859 3917 tensus:
884 3840 907 3913 fi
931 3841 1032 3913 rheda
1055 3846 1153 3927 nimir
1175 3864 1353 3935 oneratur,
1376 3848 1475 3919 nimis
1499 3844 1640 3923 tenditur
1654 3845 1761 3929 funis:
1785 3847 1815 3931 li

282 3950 447 4033 nonsatis
470 3966 624 4019 oneretur
650 3940 780 4025 rheda,
815 3938 908 4013 funis-
925 3938 973 4011 est
996 3942 1093 4013 nimis
1117 3942 1240 4029 haus,
1271 3966 1334 4019 nec
1358 3942 1431 4015 l‘rrtis
1454 3964 1714 4039 contorqueturt
1748 3966 1816 4037 pro

283 4049 416 4123 fiinibus
439 4042 544 4119 crallis
566 4038 763 4115 anchorariis
786 4040 950 4131 optimum
973 4036 1046 4122 sil,
1078 4038 1101 4111 u
1134 4038 1245 4113 rhedae
1268 4042 1401 4135 pondus
1423 4043 1634 4133 imponetur,
1658 4041 1750 4134 quod
1774 4042 1817 4115 iit

283 4148 326 4220 ad
349 4143 480 4239 pondus
506 4142 605 4213 totius
634 4137 746 4223 lituis,
781 4138 830 4210 uti
857 4158 891 4231 3.
915 4134 957 4209 ad
984 4160 1019 4209 a.
1052 4156 1187 4232 mmquc
1219 4136 1306 4213 funis
1328 4136 1366 4211 lit
1387 4138 1609 4215 validillirnus:
1634 4139 1817 4215 observavit

285 4249 372 4318 enim
397 4241 442 4314 du
468 4237 587 4311 llamel
607 4254 684 4309 cum
706 4232 816 4307 rheda
840 4234 945 4307 fuerat
967 4234 1120 4327 injeiium
1143 4236 1274 4327 pondus
1297 4256 1383 4332 750.
1411 4236 1472 4326 lli,
1496 4237 1609 4313 funem
1632 4237 1737 4335 frangi
1750 4260 1816 4331 po.

282 4341 377 4510 {uilie
402 4361 421 4410 a
443 4341 479 4415 iis
487 4354 615 4505 ng4150.
640 4332 696 4405 scd
715 4354 793 4407 cum
816 4332 926 4407 mede
949 4331 1054 4405 modo
1076 4332 1180 4407 fuerat
1203 4332 1356 4429 iniectum
1380 4336 1513 4431 pondus
1538 4358 1622 4435 250.
1644 4332 1704 4427 lli,
1728 4335 1821 4408 funis

294 4438 466 4513 ustentavit
549 4450 657 4527 5425.

334 4550 372 4652 l·
392 4546 553 4625 MCXX·
578 4546 662 4648 Quo
686 4544 856 4626 eunus
873 4546 921 4623 est
940 4502 1069 4627 ⁴tenuius
1089 4522 1286 4641 carmhau,
1309 4568 1354 4629 eo
1375 4546 1472 4626 funes
1490 4548 1622 4647 prebet
1640 4541 1823 4707 firmiffi
