4282 5962
439 289 559 377 Dra
624 281 1541 374 urucrarcrrnru.
1712 226 1895 393 2a9‘

319 487 403 559 Non
426 505 535 557 autem
559 483 646 579 Ignis
667 476 718 549 vel
741 476 850 550 Tritus
875 478 1102 551 tantummodo
1129 476 1382 549 Eleslricitatem
1414 479 1538 551 suscitat
1567 484 1601 552 in
1625 479 1788 552 Turmali·

267 608 346 669 no,
379 583 433 655 sed
452 581 545 652 datus
568 601 609 651 ex
631 574 710 647 folle
735 574 899 666 expressus
924 572 960 646 bc
980 574 1153 666 aliquoties
1171 576 1356 666 repetitus,
1387 577 1444 664 qui
1468 574 1565 646 efficit
1588 597 1624 647 ut
1646 598 1787 668 utroque

269 683 369 753 latere
391 680 446 751 fiat
466 678 681 757 elediricum3
718 670 753 741 id
773 673 921 762 inprimis
947 671 1018 743 Aer
1047 671 1195 759 calidus,
1227 673 1285 761 qui
1317 668 1539 742 candesadium
1562 669 1649 742 sollis
1671 674 1786 746 tubum

269 796 442 870 permeat,
471 773 623 866 praestat:
654 774 688 841 in
715 766 781 838 hoc
810 767 1035 840 Turmalinum
1058 767 1206 840 differta
1234 770 1345 855 vitro,
1373 765 1586 853 desereire,
1611 768 1787 859 inquibus

270 875 363 946 batua
396 875 493 943 etiam
522 870 654 961 quidem
687 864 809 954 aliquid
836 864 1050 936 electricitatis
1076 868 1224 949 excitat,
1258 863 1312 934 sed
1341 886 1514 957 perparum
1534 914 1547 952 ,
1570 863 1655 936 adeo
1682 883 1718 937 ut
1751 865 1786 935 in

269 972 398 1045 firccino
421 971 475 1041 vix
501 966 624 1056 aliquid
647 965 883 1052 comperiatut3
908 963 985 1032 licet
1006 965 1039 1033 in
1061 966 1145 1035 vitro
1170 962 1369 1053 aliquantum
1388 961 1474 1053 plus.

314 1080 346 1179 5.
372 1077 659 1155 DCCCXCVI.
683 1073 745 1145 Vis
768 1074 932 1147 Eieunca
962 1075 1145 1148 Turmaiini
1167 1098 1236 1149 non
1260 1096 1406 1166 permeat
1432 1100 1574 1172 corpora
1598 1074 1785 1166 Elesirica,

265 1179 360 1273 quale
382 1180 428 1248 est
448 1173 589 1262 vitrum,
614 1172 669 1246 sed
691 1172 798 1244 transt
822 1172 966 1245 chartam
990 1169 1026 1244 &
1049 1194 1189 1264 corpora
1213 1195 1281 1245 non
1300 1172 1477 1248 Eletirica:
1504 1179 1539 1250 Si
1561 1179 1707 1250 limatura
1721 1176 1786 1247 fer·

264 1279 318 1363 ri,
352 1277 533 1371 resegmina
556 1272 707 1366 plumae,
735 1271 888 1355 cineres,
923 1270 1146 1367 insperguntur
1171 1270 1319 1363 charte,
1345 1295 1419 1363 quae
1449 1273 1542 1364 supra
1561 1273 1788 1346 Tunnalinum

266 1394 439 1457 teneatur,
471 1370 565 1464 hujus
594 1368 784 1440 electridas
815 1366 957 1439 chartam
987 1369 1139 1439 transrens
1171 1370 1266 1463 erigit
1294 1369 1603 1460 perpendiculariter
1623 1370 1790 1440 infidentia

267 1468 487 1561 corpuscula,
520 1467 574 1539 sed
606 1487 675 1536 non
701 1485 742 1534 ex
764 1461 838 1533 sede
858 1467 996 1536 excutit:
1021 1462 1154 1556 quando
1173 1463 1281 1536 charta
1301 1464 1343 1535 ad
1368 1464 1509 1552 laevam,
1542 1487 1621 1537 mox
1648 1465 1690 1536 ad
1710 1467 1791 1536 dex·

267 1586 349 1636 tram
374 1566 464 1655 supra
485 1561 710 1637 Turmalinum
729 1580 901 1646 movetur,
925 1564 1092 1656 eriguntur
1114 1560 1309 1652 corpuscula
1329 1583 1417 1633 nunc
1440 1563 1670 1647 dextrorsum,
1701 1583 1788 1632 nunc

268 1661 493 1747 finimursum,
519 1659 619 1733 veluti
643 1657 789 1729 limatura
810 1654 887 1729 ferri
909 1681 930 1729 a
954 1677 1104 1753 magnete
1127 1656 1333 1749 subjacente:
1359 1658 1414 1729 Fri
1438 1658 1549 1730 escens
1562 1657 1790 1747 Tumralinum

267 1758 309 1829 ad
334 1758 435 1849 majus
456 1754 658 1828 intervallum
681 1752 915 1845 nonnunquam
939 1753 1067 1846 repellit
1085 1776 1245 1847 corpora,
1267 1776 1365 1845 quam
1385 1681 1539 1827 calidum.

312 1871 343 1970 ᾗ.
373 1869 661 1945 DCCCXCVll.
687 1870 722 1941 Si
747 1869 816 1942 duo
838 1870 1028 1943 Turmalina
1057 1870 1223 1961 aequaliter
1251 1869 1405 1956 caleant,
1445 1891 1613 1964 unumque
1644 1889 1789 1942 teneatur

264 1968 356 2062 supra
377 1969 533 2052 alterum,
559 1963 595 2036 dt
619 1966 722 2056 paleae
745 1965 932 2062 spargantur
957 1971 991 2038 in
1013 1965 1174 2054 inferiori,
1201 1968 1253 2037 hae
1277 1968 1445 2057 rapiuntur
1467 1971 1501 2039 in
1520 1967 1685 2061 superius,
1711 1984 1791 2038 mox

264 2064 470 2232 eggelluntur
500 2066 536 2134 in
574 2058 706 2191 inferius
724 2112 739 2187 Ι,
777 2065 894 2136 iterum
926 2063 1049 2136 alledlae
1085 2062 1256 2156 aliquoties
1295 2085 1314 2133 a
1354 2062 1509 2157 superiori
1549 2067 1584 2139 in
1615 2062 1709 2135 lineis
1740 2081 1790 2157 re7

267 2298 270 2303 ’
318 2273 349 2372 5
375 2272 681 2351 DCCCXCVlll.
707 2278 741 2348 Si
768 2278 994 2350 Turmalinum
1009 2279 1106 2350 nimis
1125 2277 1232 2349 calens
1248 2283 1304 2351 vix
1324 2236 1500 2368 operetur,
1525 2299 1588 2365 nec
1612 2280 1721 2373 abigat
1733 2295 1791 2368 pa·

268 2374 351 2446 leas:
374 2371 483 2466 frigidi
507 2373 567 2441 stili
590 2373 697 2461 cuspis
720 2376 754 2441 in
775 2374 855 2441 illud
878 2374 1016 2456 directa,
1041 2372 1139 2479 eiiicit
1161 2391 1198 2441 ut
1220 2373 1309 2443 illico
1334 2373 1536 2473 expellantur
1559 2372 1672 2461 paleae.

271 2492 275 2501 ’
318 2500 349 2598 3.
373 2496 647 2573 DCCCXCIX.
704 2501 739 2571 Si
764 2500 889 2592 cuspidi
919 2524 997 2573 acus
1023 2520 1150 2597 magnae
1178 2496 1213 2569 ἅ
1241 2500 1401 2572 verticalis
1430 2501 1623 2572 adhaerescat
1647 2500 1793 2572 limatura

269 2599 345 2689 serti
367 2618 522 2690 quantum
545 2590 674 2689 potest,
700 2593 736 2665 δι
752 2597 962 2668 admoveatur
983 2596 1176 2667 Turmulino
1195 2597 1229 2667 in
1248 2595 1402 2667 distantia·
1415 2600 1510 2666 unius
1536 2594 1661 2675 lineae,
1692 2599 1792 2665 maxi·

269 2696 420 2787 ma'pars
446 2693 601 2764 limaturae
624 2691 781 2780 abripitur
804 2689 958 2763 decidens
973 2692 1014 2761 ab
1032 2712 1113 2776 acu,
1138 2685 1352 2778 &repellitur
1368 2712 1389 2760 a
1403 2688 1609 2762 Tunnalino:
1637 2690 1681 2758 ita
1694 2693 1793 2763 etiam

268 2793 416 2865 limatura
432 2810 479 2860 -ex
504 2805 654 2882 magnete
676 2785 825 2871 excidit,
849 2782 885 2857 δι
909 2786 929 2857 d
951 2786 1142 2858 Turmalino
1169 2786 1338 2880 abigitur:
1361 2783 1505 2876 pendula
1526 2804 1636 2854 autem
1662 2783 1790 2856 limatu-

268 2908 304 2959 ra
325 2909 367 2956 ex
388 2907 419 2956 m
485 2902 539 2955 ete
558 2885 730 2979 convergit
749 2883 784 2953 in
802 2884 932 2973 apicem
954 2883 1193 2979 angustiorem,
1217 2880 1270 2954 vel
1287 2882 1524 2954 cuneiformem
1563 2877 1790 2955 Turmalinum

268 2981 400 3068 versus,
459 2976 565 3051 mulae
586 2998 694 3050 autem
717 2976 784 3057 hoc
807 2980 976 3075 attigerit,
1006 2980 1145 3075 divergit
1168 2999 1234 3071 qua
1262 2998 1354 3071 parte
1387 2980 1521 3051 incurrit
1550 2972 1586 3050 δι
1613 2977 1788 3071 repellitur.

267 3076 352 3154 Non
371 3090 480 3149 tamen
498 3072 727 3147 Turmalinum
747 3072 939 3173 amagne'te
959 3078 993 3151 vi
1013 3077 1169 3167 imbuitur
1192 3079 1402 3173 magnetica,

318 3201 349 3299 ᾗ.
373 3199 561 3281 DCCCC·
585 3201 633 3274 Sit
656 3199 838 3275 Turmalini
862 3202 1047 3294 superficies
1066 3202 1212 3297 suprema
1236 3206 1270 3280 A
1294 3205 1417 3299 major,
1442 3208 1576 3281 inferior
1600 3205 1633 3280 B
1655 3210 1787 3291 minor,
1820 3220 1896 3283 Tabe

268 3301 329 3373 smt
343 3300 409 3371 duo
419 3296 473 3373 fila
485 3278 748 3389 memilica,quae
753 3298 886 3391 jaceant
894 3299 987 3391 super
1002 3300 1155 3392 cylindris
1169 3301 1380 3389 vitreis,DD
1391 3357 1403 3392 ,
1416 3305 1499 3377 EE:
1517 3325 1618 3377 unum
1636 3322 1744 3400 tangat
1755 3304 1784 3375 B
1797 3297 1893 3391 lixit.

272 3394 472 3488 superficiem
484 3390 692 3478 inferiorem,
716 3394 854 3466 alterum
869 3395 1067 3486 superiorem
1085 3400 1119 3470 A
1135 3397 1336 3487 Turmaiinl,
1360 3401 1430 3474 baec
1449 3403 1594 3495 superior
1616 3400 1710 3475 valde
1734 3376 1898 3472 οτι-ΕΜ·

269 3492 374 3564 leiiat:
384 3490 590 3584 suspendatur
610 3491 740 3560 interim
754 3490 907 3584 globulus
922 3490 956 3561 K
970 3490 1121 3563 subereus
1136 3517 1179 3566 ex
1193 3496 1251 3567 filo
1267 3500 1356 3569 tenui
1365 3508 1583 3591 ,ponaturque
1594 3501 1680 3571 inter
1687 3498 1786 3573 ambo

268 3588 323 3661 fila
352 3586 512 3658 metallica
533 3584 607 3656 ΛΑ
624 3634 637 3670 ,
667 3582 696 3655 Β
712 3585 755 3655 Β.
779 3587 920 3677 rapietur
943 3608 964 3657 a
985 3587 1043 3659 filo
1064 3589 1138 3665 BB
1155 3643 1167 3679 ,
1202 3594 1278 3680 quia
1298 3593 1487 3666 electrinus
1510 3617 1569 3685 per
1590 3595 1673 3667 latus
1685 3595 1785 3691 ‘frigi-

268 3684 396 3754 dumB
419 3680 600 3752 Turmalini
624 3682 739 3767 intrat,
764 3676 977 3777 &egreditur
1000 3703 1041 3753 ex
1058 3683 1157 3757 latere
1178 3686 1333 3757 calefacto
1357 3691 1401 3759 A.
1452 3691 1487 3762 Si
1511 3710 1619 3760 autem
1641 3693 1784 3780 primum

268 3776 437 3860 incalescat
457 3776 538 3848 latus
561 3777 617 3862 B,
642 3778 781 3869 rapietur
800 3778 921 3875 globus
942 3802 962 3850 a
984 3778 1044 3851 filo
1064 3780 1121 3870 A,
1144 3781 1304 3875 quiahoc
1328 3783 1421 3858 filum
1445 3789 1573 3881 attingit
1591 3787 1675 3858 latus
1696 3784 1786 3880 frigi·

267 3867 903 3960 dumATurmalini,&exitexB.
1272 3915 1299 3951 .-

314 3971 445 4043 Interim
466 3970 602 4062 qualitas
621 3964 790 4045 Elestrica
801 3992 853 4045 ‚ex
874 3972 1068 4061 Turmaiino
1087 3975 1188 4051 deleri
1207 3979 1342 4071 potest,
1367 3980 1390 4052 fi
1411 3981 1596 4057 vehementi
1620 3981 1689 4076 igni
1713 3978 1785 4071 inji-

268 4069 397 4154 ciatur,
425 4088 497 4139 tum
517 4068 664 4139 celeriter
691 4068 851 4160 injiciatur
873 4070 984 4165 Aquae
1001 4073 1151 4170 frigidae,
1175 4076 1300 4170 quippe
1323 4097 1394 4151 tum
1417 4081 1602 4153 innumeras
1622 4076 1783 4149 contrahit

267 4164 412 4249 fissuras,
426 4167 580 4255 ¹quamvis
601 4185 671 4236 non
690 4163 813 4236 dilliliat
835 4169 869 4238 ir
888 4167 1078 4267 fragmenta.
1213 4166 1225 4177 ⁴
1317 4168 1330 4177 ”
1479 4166 1490 4175 “

313 4286 344 4385 §.
368 4285 570 4358 DCCCCl.
595 4286 824 4379 Eleilricitas,
850 4314 923 4384 quae
945 4294 990 4365 est
1010 4299 1045 4368 iu
1074 4296 1166 4373 Pisce
1198 4293 1371 4392 Gymnoto
1392 4306 1455 4380 srve
1476 4303 1694 4397 Torpedine,
1719 4300 1781 4374 dis·

262 4384 324 4457 sert
342 4386 383 4457 ab
402 4384 660 4457 eledlticitatibus
682 4384 851 4489 hucusque
870 4392 1030 4485 cognitis,
1054 4416 1130 4468 curn
1154 4395 1322 4471 e'iiiuace'i
1337 4400 1485 4493 'piscafn
1501 4400 1665 4499 profunda
1678 4397 1779 4489 Aqua

262 4501 411 4571 natante,
436 4479 492 4555 sed
511 4484 609 4577 Aqua
631 4482 801 4623 nocetalii
823 4483 1045 4627 §effi-cimil
1069 4512 1236 4664 eaqgeoex
1255 4499 1342 4619 γῇς
1361 4497 1547 4593 perstrepo,
1576 4519 1619 4574 ex
1641 4498 1778 4692 ςςῃιεῧ.ι
