4282 5962
235 272 341 385 <398
423 262 551 356 ,nu
590 248 1068 345 unumunurm
1106 271 1173 337 re
1208 244 1617 347 trunti-ner.

262 470 311 541 lio
332 465 470 559 repetite
494 458 625 552 pondus
655 458 786 529 eutium
809 450 974 523 ostendit:
1008 449 1164 541 ponderis
1189 468 1402 547 augmentum
1426 474 1446 523 u
1470 450 1537 523 solt
1558 472 1644 543 aqut
1667 472 1798 528 ortum:

261 568 335 639 ltaec
352 584 437 655 aque
457 560 542 631 adeo
566 554 658 627 firme
682 553 766 625 celei
788 550 1010 629 adhaerescit,
1042 566 1080 617 ut
1100 544 1164 615 levi
1193 546 1387 621 ustulatione
1416 550 1450 621 in
1483 552 1562 645 igne
1591 550 1716 643 expelli
1739 574 1801 626 ne·

263 684 388 757 queat:
422 656 595 751 expellitur
623 672 733 725 temen
757 670 777 717 a
802 646 956 716 diuturne
978 636 1016 713 dt
1040 642 1224 715 uehementi
1245 644 1398 734 ustione,
1421 666 1563 739 tumque
1582 646 1657 719 calx
1682 652 1801 723 iterum

264 766 299 835 in
322 760 489 853 pulverem
513 754 636 825 friatur.
1246 798 1251 805 .

251 920 254 925 .
311 860 345 931 Si
371 858 484 929 Arene
505 852 603 921 fuerit
624 843 765 927 soisrcia,
789 860 855 911 tres
876 858 985 932 partes
1008 860 1115 913 erenae
1132 832 1169 909 dt
1184 860 1250 911 una
1269 840 1369 913 calcis
1389 842 1658 933 confunduntut3
1684 846 1709 917 li
1733 866 1803 919 tre·

253 980 308 1031 -nt
333 953 499 1026 fluviatica
518 968 575 1018 tut
592 942 736 1026 murino,
759 936 834 1011 due
854 957 962 1033 portet
986 958 1092 1009 trente
1116 938 1150 1007 in
1175 957 1276 1009 unam
1297 938 1396 1012 calcis
1414 942 1661 1036 conjiciuntur:
1689 944 1802 1017 Etiam

250 1056 301 1125 ·in
323 1049 484 1123 lluviatict
505 1060 562 1113 eut
586 1038 749 1111 merintsr
771 1040 846 1128 quis
871 1034 982 1107 testem
1005 1036 1105 1107 tusum
1130 1054 1188 1105 eut
1211 1032 1390 1109 succretam
1417 1060 1460 1111 ex
1486 1044 1580 1113 tertia
1601 1062 1695 1133 purte
1716 1042 1803 1137 edje·

267 1154 371 1233 cerit,
396 1143 516 1215 efficiet
539 1138 681 1211 muteriae
701 1154 950 1227 tempereturtm
972 1132 1016 1205 td
1033 1132 1126 1205 usum
1150 1130 1332 1207 meliorem.

317 1272 350 1367 §.
374 1266 519 1339 MClll.
544 1264 630 1337 Celx
656 1260 813 1349 saxatilis,
838 1264 927 1339 calx
945 1286 1021 1355 quae
1043 1282 1086 1334 cx
1107 1260 1257 1335 Conchis
1280 1262 1449 1357 Testisve,
1483 1268 1588 1361 (quae
1611 1266 1743 1343 Tellirrae
1768 1266 1805 1343 dt

267 1368 505 1449 Petiuncrtliu
533 1364 633 1435 nobis
659 1360 898 1455 appellantur)
931 1360 1115 1446 ustulatur,
1146 1362 1181 1431 in
1211 1360 1313 1453 Aqua
1341 1366 1431 1435 vario
1465 1368 1572 1439 modo
1594 1370 1804 1465 extinguitur.

268 1470 356 1541 Cels
381 1464 582 1535 Tellinarum
605 1458 647 1530 ab
668 1456 765 1529 affuso
792 1480 890 1551 percu
911 1482 996 1551 equo
1019 1460 1191 1542 extinsin,
1225 1460 1260 1533 in
1290 1460 1461 1550 pulverem
1490 1462 1612 1535 siccum
1642 1468 1808 1537 converti·

270 1587 339 1639 tur:
366 1562 453 1635 Culx
474 1556 607 1632 saxatilis
631 1554 807 1647 prudenter
832 1556 868 1627 lit
891 1555 981 1627 lente
1002 1558 1143 1627 extinsta
1167 1558 1286 1643 etiem,
1311 1560 1441 1631 imbibit
1464 1558 1646 1653 sextuplum
1663 1564 1717 1634 vel
1736 1562 1809 1655 sep·

271 1662 399 1753 euplum
424 1680 539 1750 aque,
565 1652 620 1723 sed
644 1652 728 1743 saepe
757 1654 846 1743 pullu
873 1673 944 1727 tum
970 1650 1107 1737 mollis,
1141 1650 1270 1725 drutus
1306 1656 1517 1747 relinquitur,
1551 1680 1626 1751 quae
1652 1662 1812 1753 temporis

269 1756 411 1833 successu
435 1756 563 1827 tenuius
586 1754 620 1821 in
642 1748 757 1821 scrobe
778 1752 949 1837 tebescttt
979 1750 1052 1821 hee
1080 1748 1146 1821 sola
1168 1771 1238 1823 non
1268 1750 1473 1839 indurescit,
1506 1755 1598 1825 diuo
1624 1758 1729 1827 modo
1751 1756 1811 1827 stl-

270 1876 339 1929 tem
360 1858 394 1927 in
418 1850 604 1921 Genntnire
627 1844 823 1936 quibusdam
845 1848 1000 1921 tteslibus
1025 1846 1097 1919 eulx
1127 1866 1279 1941 per-rtur,
1309 1850 1437 1925 Intrita
1456 1870 1592 1923 vocetur
1617 1847 1652 1922 dt
1678 1854 1720 1921 ad
1750 1874 1814 1924 an·

271 1978 335 2027 nos
364 1952 483 2023 idonee
504 1944 614 2016 usrbus
636 1938 743 2033 potest
772 1940 910 2031 serveri,
932 1964 1002 2037 quo
1024 1944 1113 2015 enim
1138 1943 1386 2034 vetuliior,.eo
1412 1945 1459 2017 est
1477 1946 1625 2033 melior,
1647 1968 1761 2019 verum
1785 1952 1813 2021 st

260 2050 383 2125 'Italico
403 2046 521 2129 suerit,
547 2058 697 2131 tempure
721 2040 816 2111 unius
839 2040 956 2115 menlls
978 2040 1016 2113 fit
1040 2039 1137 2113 malla
1158 2040 1240 2113 dure
1265 2040 1361 2137 (a).
1413 2044 1618 2116 Simennot
1641 2044 1753 2115 elbum
1775 2046 1812 2118 in

270 2148 397 2217 cnlccrn
421 2121 518 2216 suerit
539 2140 692 2227 coslum,
723 2130 759 2205 dt
784 2136 895 2229 Aquae
917 2140 1043 2231 cupii,
1075 2158 1113 2209 ut
1139 2158 1198 2231 per
1220 2138 1285 2225 est,
1309 2142 1541 2237 extinguetur,
1572 2142 1645 2213 htec
1671 2140 1727 2211 sbi
1762 2164 1813 2213 re·

273 2244 351 2315 licta
376 2242 458 2310 intre
480 2234 653 2307 osliduum
678 2254 752 2303 eam
772 2236 879 2309 induit
903 2238 1077 2322 duritiem,
1100 2254 1138 2307 ut
1159 2238 1216 2309 vix
1236 2236 1453 2311 cultrolinet
1474 2238 1611 2331 insculpi
1634 2236 1749 2331 polsrt,
1776 2236 1812 2311 dt

272 2334 477 2431 superficiem
499 2330 597 2404 instet
617 2327 768 2404 vasorum
793 2334 1079 2421 porcellencorum
1096 2336 1256 2405 nitentem
1279 2338 1446 2425 requiret,
1468 2339 1538 2407 imo
1558 2336 1631 2407 haec
1654 2336 1726 2407 eulx
1753 2333 1812 2409 sub

269 2442 359 2527 'tque
379 2430 578 2510 indurescit,
603 2442 739 2495 notante
771 2424 867 2500 Nob.
899 2426 960 2499 Du
986 2426 1106 2499 Hemel
1132 2428 1226 2527 (b).
1276 2430 1366 2505 Ctlrt
1394 2433 1530 2505 saxatilis
1551 2454 1571 2503 e
1593 2436 1685 2505 variis
1704 2432 1739 2503 srt
1765 2434 1812 2505 le·

272 2532 426 2627 pidibus,
450 2522 656 2595 mollioribus
671 2520 723 2595 vel
737 2520 943 2599 durioribus:
967 2524 1135 2597 Vitruvius
1151 2526 1231 2620 (c),
1257 2528 1419 2601 Pellndius
1443 2532 1504 2625 (d)
1530 2526 1566 2599 dt
1583 2529 1706 2602 Plinius
1732 2530 1808 2626 (e),

274 2628 499 2703 indicaverunt
523 2618 647 2714 ltpidcs
669 2614 707 2689 dt
731 2620 857 2709 filices,
881 2644 925 2695 ert
949 2624 1071 2715 quibus
1100 2626 1135 2695 in
1159 2622 1250 2694 ltalia
1281 2628 1408 2713 optima
1439 2626 1512 2695 calx
1534 2632 1635 2717 coqui
1660 2627 1807 2722 solebat,

275 2744 449 2799 monentes
472 2716 616 2813 lapidem
640 2718 682 2789 td
713 2716 838 2791 celcem
873 2741 943 2792 non
966 2722 1076 2791 minus
1107 2718 1199 2789 horis
1232 2718 1392 2817 sexaginta
1418 2724 1690 2813 percoquendum
1723 2726 1813 2813 else,

277 2894 415 2967 tumque
449 2870 567 2941 omittit
606 2832 833 2975 ponderis·}
873 2834 991 2991 νεὶ-ξ
1036 2884 1182 2959 purtem:
1203 2864 1419 2939 AEllimemus
1434 2870 1469 2939 in
1487 2868 1606 2965 lielgio
1622 2870 1747 2943 calcem
1770 2896 1816 2945 ex

275 3024 425 3097 ustulatis
455 3016 616 3111 lapidibus
638 3014 932 3099 Tomecensrbus,
956 3012 1224 3101 Leodienfibus,
1256 3009 1293 3085 dt
1321 3012 1515 3109 Soilingiis,
1539 3018 1597 3105 qui
1621 3014 1692 3087 sunt
1711 3018 1813 3089 valde

277 3123 352 3195 duri
376 3116 413 3193 dt
436 3114 527 3212 spilli.
577 3112 663 3187 Ctlx
685 3126 761 3207 que
783 3134 826 3185 ex
851 3110 959 3183 Testis
987 3108 1198 3201 Mytulorum
1221 3107 1258 3182 dt
1272 3108 1516 3193 concharum,
1545 3108 1743 3201 potislrmum
1769 3136 1815 3187 ex

279 3218 439 3301 Tellinis,
462 3218 497 3287 in
526 3210 704 3285 Hellendie
728 3210 914 3301 ulluletur,·
928 3209 1031 3281 mixte
1055 3228 1133 3279 cum
1155 3208 1247 3279 bont
1273 3200 1425 3305 trent&
1453 3208 1551 3299 Aque
1581 3206 1753 3279 sirmiffime
1780 3214 1818 3283 in

280 3318 375 3391 Aire
397 3313 587 3396 solidescit,
616 3310 712 3381 Astis
742 3306 868 3401 iniuriis
898 3310 1025 3399 optime
1048 3304 1191 3393 resilit,
1225 3300 1262 3377 dt
1283 3304 1375 3377 nullo
1402 3306 1507 3375 modo
1528 3308 1709 3395 prestantis
1731 3307 1818 3379 calci

281 3412 403 3487 saxttili
427 3408 543 3493 cedit,
576 3430 654 3479 com
675 3404 794 3479 melius
817 3407 899 3478 Adri
919 3402 1064 3477 resrsltt:
1098 3402 1145 3475 est
1166 3422 1274 3475 umen
1301 3402 1374 3474 cclx
1403 3401 1584 3474 tellintrum
1617 3399 1818 3495 &pedion-

283 3510 436 3585 culorum
457 3503 594 3589 melior,
606 3574 610 3579 ,
622 3504 956 3600 quamnyrulorunr.
1005 3498 1171 3575 Nonnulli
1193 3502 1371 3575 Archittiii
1392 3518 1530 3573 monent
1549 3520 1660 3593 ptrem
1681 3505 1820 3594 copiam

284 3606 421 3681 lutetilis
441 3601 539 3676 calcis
562 3600 598 3673 dt
620 3603 804 3677 tellinarum
826 3602 948 3696 pestem
971 3604 1130 3695 optimam
1154 3600 1294 3673 efficere.

334 3706 369 3777 Si
391 3700 667 3871 relcifadjicietur
686 3700 778 3775 tosus
810 3721 888 3775 cum
912 3713 1044 3787 otene,
1074 3720 1145 3771 non
1168 3699 1254 3773 adeo
1283 3700 1366 3771 t'e‘ris
1397 3696 1520 3793 injuriis
1550 3696 1691 3783 resiliit,
1717 3708 1817 3791 quarn

285 3807 520 3879 mmmm

333 3826 459 3977 ilerum
484 3898 573 3971 Cels
599 3896 783 3969 tellintrum
809 3914 886 3965 curn
916 3914 1013 3963 arene
1044 3914 1113 3963 non
1139 3894 1249 3965 reiillit
1277 3894 1412 3981 nque,
1444 3912 1507 3963 nec
1528 3891 1587 3964 sub
1607 3914 1690 3985 eque
1709 3894 1823 3983 probe

286 3996 467 4075 solidescit:
493 3998 528 4070 Si
552 4016 662 4067 tutem
690 3990 788 4063 Celei
813 3988 996 4057 tellinrrum
1024 3986 1166 4077 adjectus
1197 3988 1235 4059 stt
1258 3988 1373 4081 tosus,
1405 3986 1464 4063 sub
1487 4011 1575 4087 uque
1605 3992 1641 4065 in
1663 4012 1819 4089 magnam

1747 4086 1822 4163 suli·

326 4254 387 4333 (α)
408 4254 575 4319 L’Histoite
596 4252 633 4313 de
655 4244 768 4309 l’llcrd.
789 4246 865 4321 Roy.
886 4244 943 4309 no.
966 4262 1053 4321 1⁷49·
1072 4262 1140 4325 pig.
1162 4264 1232 4327 477.

327 4334 388 4409 (l)
410 4336 578 4395 L’Histoire
599 4334 637 4393 de
657 4328 773 4389 l’slctd·
795 4326 872 4403 Roy.
894 4322 947 4389 no.
971 4342 1058 4405 4747.
1079 4344 1147 4408 pag.
1166 4336 1217 4407 ος.

329 4412 388 4487 (t)
410 4414 457 4471 De
480 4412 637 4473 Architedt·
654 4408 692 4470 L.
712 4424 746 4469 u.
764 4406 837 4483 Cep.
854 4422 890 4483 '5.
1018 4460 1023 4469 .

328 4492 393 4569 (i)
411 4490 478 4549 Lib.
502 4506 528 4547 t,
549 4492 620 4565 Cap.
645 4506 693 4549 to.

334 4572 391 4653 (e)
412 4566 487 4633 utu.
506 4568 612 4633 uetur.
631 4568 698 4631 tu.
721 4574 771 4643 at,
789 4566 818 4645 t.
838 4586 888 4650 43.
907 4586 977 4651 paq,
1000 4582 1071 4649 tst·
1138 4542 1144 4553 '
