4282 5962
307 293 390 378 254
517 264 639 355 Du
715 221 1695 370 uurcuarcrrn‘r'a„

307 482 407 549 tum,
438 462 531 554 quod
553 460 617 533 elle
646 457 760 551 pollet.
810 456 934 529 Plinius
963 453 1006 525 de
1035 450 1236 526 Carbunculi
1262 450 1429 540 speciebus
1452 430 1583 546 agens,
1612 452 1747 544 lnqulta
1780 452 1830 529 Et

308 560 385 631 alias
415 555 794 638 inveniodifferencias,
818 576 945 636 unam,
968 572 1041 640 quae
1057 550 1200 642 purpura
1225 549 1352 633 radiet,
1377 548 1530 632 alteram,
1556 568 1631 639 quae
1650 556 1786 641 cocco',
1811 575 1833 624 a

294 655 393 753 ‚Sole
418 654 634 740 excalfadlas,
666 672 722 725 aut
748 651 925 748 digitorum
948 651 1079 731 attritu,
1112 642 1278 738 paleas&
1306 644 1485 716 chartarnm
1516 645 1596 716 folia
1619 648 1660 718 ad
1685 647 1716 717 se
1740 671 1832 740 rape·

306 775 354 824 re.
411 753 542 824 Solinus
577 750 664 845 Cap.
691 771 749 843 52.
783 771 857 845 pag.
889 748 946 819 82.
979 744 1094 817 eadem
1124 743 1229 814 tradit.
1281 741 1418 831 Duplex
1442 746 1472 812 ei
1500 743 1625 828 facies,
1658 762 1715 815 aut
1740 749 1831 819 enim

306 866 469 942 purpurea
496 853 613 922 emicat
634 848 805 941 claritate,
829 864 894 916 aut
909 843 1067 914 meracius
1090 838 1281 912 suffunditur
1306 842 1399 909 cocci
1422 841 1570 924 rubore,
1604 845 1650 912 At
1673 844 1694 913 sr
1717 864 1836 915 excan-

298 946 378 1025 ‚duit
399 947 493 1020 radiis
523 947 608 1019 Solis
629 949 757 1027 lncita,
788 942 840 1016 vel
864 942 906 1013 ad
925 938 1069 1012 calorem
1093 938 1270 1032 digitorum
1297 937 1405 1007 attritu
1428 941 1566 1009 excitata
1589 939 1665 1028 est,
1699 963 1755 1012 aut
1777 963 1836 1033 pa·

306 1041 432 1118 icarum
452 1043 561 1129 calla,
589 1063 644 1115 aut
665 1043 846 1115 chartarum
870 1038 924 1111 lila
942 1037 983 1109 ad
1008 1035 1154 1128 serapia

356 1170 390 1258 5.
414 1160 717 1237 DCCCXXVlll.
752 1160 992 1243 Charalieres,
1025 1158 1143 1248 quibus
1169 1179 1314 1252 corpora
1340 1155 1545 1232 Aneledirica
1564 1212 1576 1247 ,
1597 1161 1651 1232 ’ael
1678 1184 1745 1235 non
1769 1164 1835 1236 elle

304 1264 529 1378 ldioeledirica
552 1261 761 1376 colligimus,
794 1257 874 1374 lunt.
928 1279 958 1372 r.
984 1255 1018 1326 si
1042 1258 1128 1326 circa
1150 1275 1292 1368 corpora
1316 1253 1506 1368 eledlricitas
1526 1260 1568 1330 ab
1582 1258 1665 1373 ‘aliis
1694 1265 1833 1376 excitata

305 1351 980 1545 illilblllilililiariil
993 1364 1147 1534 Ἥ
1177 1350 1750 1548 ξέἒὲῗῗξὲἒορῖἶῗὲἱωῃῗῖῗ
1769 1381 1835 1527 ξξζῑ

307 1555 437 1646 cumjici
456 1552 573 1645 potest.
602 1565 651 1625 2⁰.
668 1550 701 1622 Si
719 1570 883 1640 utcunque
898 1547 1008 1619 fricata
1025 1544 1167 1617 hominis
1180 1545 1261 1659 licea
1275 1565 1394 1629 manu,
1410 1546 1497 1616 nulla
1519 1549 1607 1644 signa
1623 1552 1740 1634 edant,
1758 1555 1838 1643 qur:

305 1652 367 1820 li
383 1670 578 1840 ,iiiiii
602 1648 1149 1836 nitidissimis&
1173 1641 1354 1729 mm*
1388 1645 1622 1733 mmm*
1653 1649 1830 1741 ΝΜ

355 1864 389 1962 ς.
415 1852 722 1946 mcccxxrx.
748 1862 941 1937 Veronam
964 1861 1012 1934 en
1037 1864 1071 1934 rs
1091 1864 1287 1954 ananan
1313 1859 1547 1937 loiselrnrlcls
1566 1868 1708 1940 murrum
1733 1868 1835 1941 rrec-

301 1969 452 2041 rricltatir
478 1967 692 2049 delitescere,
716 1985 788 2036 earn
811 1962 830 2031 l
849 1958 984 2033 fricante
1007 1955 1042 2030 δι
1065 1954 1303 2052 comprimente
1326 1976 1424 2033 manu
1447 1964 1579 2057 agitari,
1605 1968 1835 2038 trementibus-

305 2074 371 2158 que
395 2080 571 2159 corporum
594 2065 737 2155 parribus
764 2060 887 2131 incitari
901 2059 1148 2143 vehementius,
1172 2060 1331 2150 exprimi,
1355 2058 1501 2131 evolare:
1527 2056 1679 2146 Comra,
1704 2067 1738 2133 in
1759 2084 1834 2134 cor-

163 2204 165 2208 »
193 2206 196 2211 ,
303 2163 441 2254 poribus
467 2182 536 2235 non
558 2152 809 2238 ldioelcclricls,
833 2155 913 2224 nihil
944 2153 997 2226 vel
1018 2172 1131 2245 parurn
1154 2148 1218 2225 elle
1242 2152 1498 2244 Electricitatis,
1523 2176 1597 2249 qua
1618 2160 1740 2229 etiamli
1763 2165 1833 2256 agr.

305 2270 368 2331 tata
387 2255 430 2341 ,dt
448 2264 579 2343 exiens,
606 2279 674 2328 non
697 2276 751 2324 aut
772 2251 882 2322 vix'in
907 2272 1045 2340 corpora
1068 2250 1164 2321 exilia
1183 2255 1310 2343 operari
1331 2252 1451 2343 potest.
1506 2252 1590 2328 Non
1618 2259 1708 2326 enim
1727 2274 1832 2348 poro.

305 2357 409 2441 srtas,
442 2354 608 2433 denlltas,
637 2350 829 2429 elalliciras,
863 2364 1025 2415 tremorve
1049 2347 1193 2435 partibus
1217 2362 1396 2438 corporum
1417 2342 1570 2420 indueus
1593 2344 1760 2424 discrimen
1776 2354 1832 2424 af-

188 2458 218 2511 ι’
302 2448 388 2536 lert,
412 2471 450 2522 ut
472 2452 534 2521 lint
554 2468 696 2538 corpora
722 2443 971 2529 ldioelecrnca,
1004 2440 1055 2512 vel
1078 2462 1150 2512 non
1176 2440 1399 2514 ldloeleclrica
1420 2467 1446 2514 ε’
1463 2440 1541 2518 Nec
1561 2450 1597 2520 in
1618 2449 1669 2520 bis
1694 2451 1831 2543 impedi·

303 2566 414 2619 menta
438 2551 563 2619 interna
592 2544 663 2616 sunt
691 2538 838 2612 adversus
872 2539 1085 2611 eledlricitatis
1115 2538 1267 2626 cursum,
1300 2560 1378 2625 cum
1408 2534 1561 2616 facillime
1591 2542 1830 2619 elecrricrmtem

302 2644 600 2712 idioeiemicorum
629 2641 812 2727 recipiant,
849 2635 1058 2724 provehant,
1090 2637 1263 2709 emittant:
1301 2636 1441 2710 Videtur
1473 2638 1539 2711 hoc
1572 2641 1659 2735 sequi
1690 2664 1730 2714 ex
1761 2667 1822 2731 eo,

264 2735 267 2743 “
304 2736 396 2829 quod
422 2756 563 2825 corpora
583 2733 830 2816 ldloileeltica,
864 2751 884 2799 a
909 2731 990 2801 Sole⁴
1007 2731 1059 2802 vel
1080 2728 1162 2828 Igne
1182 2732 1363 2825 calefacio,
1394 2756 1464 2807 non
1483 2736 1618 2808 evadant
1647 2736 1829 2829 Eledlrica‚

302 2846 382 2906 cum
404 2831 627 2903 ldloelertnca
652 2830 854 2911 excitentur,
881 2846 917 2896 ut
938 2829 1064 2918 rapiant
1086 2828 1304 2921 corpuscula:
1329 2832 1410 2931 lgne
1432 2830 1552 2904 scilicet
1575 2831 1830 2911 Elestricitatcm

299 2933 340 3009 in
360 2930 411 3000 lris
435 2926 675 3019 delitescentem
698 2925 851 3016 agitante.

203 3059 208 3068 ¹
315 3052 321 3069 ·
354 3020 435 3097 Hoc
456 3024 478 3094 sr
500 3043 612 3094 verum
635 3021 700 3104 lit3
733 3017 933 3093 fflcclricitas
958 3040 1025 3089 non
1047 3024 1108 3090 erit
1127 3024 1196 3112 pari
1219 3024 1319 3119 eopia
1341 3042 1401 3117 per
1429 3028 1539 3096 omnia
1561 3044 1700 3117 corpora
1723 3026 1825 3100 distri.

304 3126 411 3209 buta,
442 3122 489 3193 uti
510 3118 599 3216 ignis
623 3120 662 3190 iis
687 3118 721 3188 in
747 3112 811 3186 elle
833 3112 939 3203 solet,
973 3117 1249 3209 quemadmodum
1274 3118 1388 3213 postea
1412 3124 1561 3216 patebit:
1585 3141 1640 3195 aut
1660 3122 1828 3215 quiescet,

301 3223 391 3318 ignis
420 3219 549 3290 latentis
562 3217 668 3287 instar.
811 3230 815 3237 ’

353 3342 386 3438 5.
411 3339 665 3429 DCCCXXX.
698 3340 901 3416 Eledlricitas
932 3348 1074 3421 confidit
1102 3353 1136 3421 in
1160 3347 1327 3422 subtihbus
1347 3345 1501 3435 effluviis,
1527 3372 1601 3442 quae
1624 3349 1830 3443 incorpore

242 3488 244 3494 .
305 3438 532 3515 ldiodleilrico
557 3435 763 3511 delitescuntz
787 3462 942 3532 praterea
967 3447 1117 3538 quaedam
1143 3469 1183 3517 ex
1203 3449 1281 3519 abre
1300 3446 1463 3517 ambiente
1484 3448 1662 3532 accedunt3
1688 3446 1742 3518 sed
1768 3470 1831 3539 po·

305 3536 455 3653 gilfimum
486 3536 750 3650 excorporibus'
780 3542 984 3636 tangentibus
1009 3542 1044 3616 ἃ
1065 3543 1253 3623 fricantibus
1274 3543 1427 3632 evolant,
1450 3544 1582 3635 quando
1599 3566 1718 3636 corpus
1741 3543 1834 3616 ldio·

305 3630 494 3737 electricum
510 3629 668 3720 fricatur,
696 3639 955 3727 comprimitur,
984 3641 1223 3715 contremiscit:
1254 3646 1302 3713 in·
1321 3642 1374 3734 pla
1418 3666 1433 3713 s
1456 3643 1575 3714 laxatas
1598 3661 1833 3733 evacuaturque

302 3730 587 3809 exambientlbu's
611 3724 646 3803 dr
669 3734 876 3831 tangentibus
898 3737 1050 3812 advolant
1068 3743 1104 3810 in
1130 3739 1241 3810 locum
1262 3732 1362 3829 expul
1377 3760 1492 3809 arum:
1525 3736 1623 3809 veluti
1648 3741 1681 3807 in
1708 3737 1833 3832 egrellu

185 3871 187 3874 ⁴
306 3852 328 3902 e
351 3829 545 3920 corporibus
568 3829 639 3900 haec
654 3829 779 3901 elllnvia
802 3834 936 3928 abigunt
951 3835 1068 3913 obvia,
1094 3832 1129 3904 δι
1145 3832 1340 3904 extrinsecus
1356 3833 1522 3924 appolita,
1547 3834 1729 3931 tangentia,
1754 3856 1832 3923 pro·

292 3929 412 4101 grdrgrm
439 3926 482 3996 ira
497 3924 530 3997 ln
543 3924 668 3999 accello
689 3931 818 4015 omnia,
843 3928 959 4019 quibus
983 3942 1174 4018 occurrunt,
1202 3930 1360 4021 mobilia,
1387 3946 1461 4020 quae
1483 3946 1552 3998 non
1578 3929 1674 3999 rumis
1690 3927 1830 4019 distant,

214 4093 217 4107 ,
297 4096 306 4103 ,,
370 4041 483 4100 ucuns
1175 4034 1177 4038 “

312 4134 320 4145 ’
353 4220 356 4226 ,
413 4138 684 4221 ΠΟΕΟΧΧΧῙ.
724 4144 955 4220 Exhalationes
980 4150 1032 4223 vel
1062 4142 1200 4224 Effluvia
1232 4139 1357 4224 lbbtilia
1385 4169 1547 4242 corporea
1576 4138 1832 4222 Eleuncitaten

300 4244 370 4327 don
399 4249 500 4318 ‘tuere
530 4246 642 4337 liquet.
704 4265 752 4317 ιο.
789 4242 877 4341 Quia
908 4246 1084 4322 sentiuntur
1108 4249 1245 4333 Tadu,
1277 4272 1316 4322 ac
1349 4248 1372 4320 li
1404 4269 1572 4340 corpora,
1604 4267 1678 4336 quae
1705 4248 1831 4318 circum

302 4342 449 4421 uruntur
478 4344 497 4415 d
523 4341 716 4416 lubtilissiml
745 4342 809 4414 teli
831 4347 1063 4442 cingerentur,
1097 4368 1151 4443 auc
1172 4348 1191 4419 l
1209 4345 1673 4435 lanillamineambirantur:
1703 4343 1742 4415 Si
1761 4363 1831 4415 ma·

306 4462 386 4515 num
417 4461 485 4514 non
509 4440 626 4532 procul
650 4464 670 4514 a
689 4439 794 4542 globo
817 4439 955 4536 fricato,
978 4446 1032 4524 vel
1057 4470 1077 4522 a
1101 4444 1183 4525 tubo
1206 4444 1339 4539 ferreo,
1354 4445 1602 4521 alentium
1621 4441 1720 4541 globi
1739 4438 1829 4514 exci-

299 4538 442 4636 piente,
455 4541 617 4622 ,tenueris
1126 4562 1170 4603 ⁴..
1279 4566 1311 4613 '.
1372 4549 1384 4565 ’
1556 4556 1565 4593 ‘-
1768 4625 1834 4705 οι·

1691 4651 1745 4708 ν.
