4282 5962
451 242 1553 409 puaiu'oi'iuciuiiia.
1706 323 1792 437 a0.1;

265 505 303 583 to
323 485 451 583 semper
469 484 616 587 poudoir
632 478 778 579 prodidit
802 481 824 581 (
830 478 895 581 b).
943 477 1011 557 Sed
1036 498 1170 579 quoque
1190 500 1351 583 ¹corpora·
1364 481 1483 571 sinna,
1512 484 1571 561 diu
1593 485 1795 575 dedititia,

267 604 301 657 te
325 586 476 680 perfusa,
509 582 587 656 nlill
614 579 819 673 dependere
840 582 993 653 emittunt
1015 576 1204 653 observante
1224 570 1384 677 Nollem:
1407 576 1494 663 sorte
1506 582 1664 675 pandoria
1676 584 1787 663 diseri.

265 706 343 757 meu
370 684 526 758 observari
547 701 617 753 non
636 680 765 771 potuit,
788 676 867 751 licut
887 676 1025 771 aliquod
1041 676 1135 749 valde
1153 678 1310 775 exiguum
1328 672 1437 751 suerit.
1550 716 1558 729 ·
1630 678 1635 685 '
1787 682 1791 689 '

310 790 344 895 ς.
367 788 625 871 Dccccxx.
656 788 859 863 Elesiricitas
886 788 922 871 iii
946 784 1067 879 spheri
1089 784 1191 860 vitrea
1211 784 1263 859 vel
1288 788 1370 863 tubo
1390 789 1496 864 vitreo
1527 792 1668 865 excitem
1689 796 1794 871 colli·-

264 894 372 991 gitui‚
396 892 419 965 fi
440 912 547 987 prope
570 890 726 983 sphaeram
747 906 905 979 ponamus
929 882 1211 975 misturam-serii
1235 906 1410 983 magnam,
1431 886 1484 961 vel
1507 890 1623 962 tubum
1647 890 1787 965 metalli·

263 1010 339 1063 cuni
357 990 414 1060 lon
440 1011 496 1063 um
519 986 687 1080 emplum,
712 985 768 1075 qui
789 982 903 1055 desiuit
920 1000 1060 1074 utroque
1082 998 1230 1054 extremo
1253 982 1425 1069 rotundo,
1450 1004 1492 1055 ei
1513 987 1584 1059 tubi
1599 1008 1692 1083 parte
1704 1009 1787 1082 qur·

264 1086 338 1157 dam
360 1010 468 1157 media
486 1084 630 1179 pendeat
652 1100 766 1155 catena
785 1101 854 1153 uuo
876 1074 928 1153 vel
951 1078 1054 1151 altero
1076 1080 1163 1151 cirro
1186 1098 1317 1165 rutro,
1341 1078 1497 1173 sphaeram
1517 1080 1710 1169 lambente,
1733 1088 1785 1159 iri·

265 1182 402 1254 strurla:
434 1182 532 1255 tubus
563 1178 687 1251 ferreus
712 1176 839 1269 amplus
857 1172 1006 1247 diametri
1030 1195 1052 1269 3
1072 1173 1127 1247 vel
1146 1198 1170 1265 4
1191 1172 1305 1267 pollic.
1325 1176 1430 1270 jiceat
1450 1181 1486 1250 in
1509 1180 1671 1275 generoso
1693 1181 1791 1255 lilio·

264 1279 449 1357 dleslrico.
481 1280 530 1351 utl
554 1279 588 1349 iii
609 1276 723 1358 vitro,
746 1294 822 1345 cera
841 1270 999 1367 sigillari,
1022 1271 1075 1342 vel
1097 1270 1200 1341 serico
1226 1271 1389 1360 caeruleo,
1412 1274 1561 1363 mundo,
1583 1277 1690 1353 sicco:
1714 1298 1788 1351 tum

266 1380 354 1447 enim
378 1374 554 1448 secundum
584 1374 642 1445 lori
668 1368 823 1441 ‘tudinem
854 1365 925 1439 tubi
945 1364 1022 1439 fluit
1044 1365 1181 1439 colledla
1207 1367 1426 1456 eledlricitas,
1459 1390 1566 1443 neca
1592 1371 1788 1448 sustentante

266 1470 498 1543 Idioe'leslrico
517 1392 677 1567 generoffi
696 1466 874 1557 abripitur,
899 1466 977 1555 quir
995 1463 1031 1534 id
1051 1463 1139 1535 illico
1158 1463 1205 1535 est
1227 1461 1556 1554 satorelettricitrte,
1581 1464 1696 1561 &pro

265 1568 336 1641 sum
358 1568 543 1641 ulteriorem
567 1586 627 1658 per
654 1560 687 1633 se
711 1559 874 1651 impedit:
907 1560 943 1631 Si
969 1578 1078 1634 autem
1100 1558 1236 1653 jacuerit
1260 1562 1358 1633 tubus
1379 1566 1578 1656 incorpore
1605 1588 1674 1639 non

265 1665 446 1750 dledlrico,
476 1664 511 1735 id
541 1680 675 1735 omnem
703 1656 943 1729 eleslricitateiu
962 1660 1050 1729 circa
1069 1658 1184 1729 tubum
1207 1656 1434 1731 circumfiisain
1455 1658 1625 1733 celerrime
1647 1665 1788 1759 abripit,

265 1783 328 1854 per
348 1759 450 1832 solum
473 1756 509 1831 di
534 1758 646 1831 omnia
663 1756 769 1829 vicia
784 1772 929 1843 corpora
952 1752 1131 1839 distribuit,
1155 1773 1193 1824 ut
1214 1750 1304 1825 nulli
1325 1752 1395 1847 ejus
1412 1754 1500 1853 dgna
1517 1757 1657 1853 amplius
1677 1758 1789 1853 super·

263 1859 348 1932 sint:
380 1876 520 1929 attamen
546 1852 682 1947 quando
715 1848 908 1947 elee‘tricitas
928 1852 1020 1923 veuit
1037 1870 1079 1921 ex
1102 1848 1233 1941 phiris,
1267 1870 1342 1942 quae
1364 1850 1583 1947 rliqiaoueque
1600 1854 1710 1948 Aque
1732 1874 1791 1929 tut

260 1952 493 2045 metallicamm
512 1954 652 2043 partium
676 1944 723 2019 est
744 1944 864 2039 plena,
889 1944 985 2043 dirigi
1005 1942 1112 2039 potest
1135 1965 1222 2017 traria
1244 1965 1300 2019 aut
1318 1946 1497 2021 secundum
1527 1948 1581 2021 fila
1604 1950 1788 2039 metallica,

263 2052 401 2120 tubosve
424 2047 482 2117 lon
507 2046 648 2130 'isimoa,
669 2044 749 2115 licet
766 2063 837 2115 uon
857 2042 985 2134 jaceant
1008 2044 1043 2115 iri
1066 2040 1307 2115 ldioeledlricis.
1363 2045 1422 2119 An
1447 2044 1513 2117 lioc
1537 2046 1557 2117 d
1580 2045 1648 2119 sola
1662 2046 1791 2121 eleslri·

262 2146 371 2217 citatis
393 2068 615 2227 abunddntid,
646 2160 690 2211 rn
711 2138 837 2210 exilii
857 2136 1102 2211 cauilloiiturs
1135 2138 1257 2231 aliquid
1281 2137 1347 2211 huc
1369 2162 1475 2235 usque
1500 2162 1571 2217 non
1595 2144 1788 2243 berterad-

263 2240 403 2329 cleatum
424 2237 478 2309 hic
499 2237 599 2309 latere
617 2234 755 2309 videtur.
1631 2240 1688 2251 *⁶

310 2349 343 2449 ς.
377 2346 653 2423 DCCCCXXI.
685 2345 742 2415 Ad
770 2343 859 2413 uliud
884 2345 1129 2433 phenomeuon
1149 2344 1375 2417 Elestricitatir
1394 2348 1615 2421 transeamus:
1641 2346 1788 2446 Quando

263 2446 489 2523 Idioeledlrica
512 2446 613 2515 vitrea
631 2441 683 2514 vel
705 2436 843 2509 resinosa
861 2438 894 2508 in
917 2438 1056 2509 tenebris
1074 2436 1258 2523 fricantur,
1287 2458 1470 2531 eorumque
1492 2442 1682 2516 eleslriciraa
1700 2452 1791 2518 exci-

264 2566 374 2629 tatur,
404 2538 573 2613 manifesti
600 2539 675 2611 lucr
691 2534 778 2607 clari
801 2532 988 2605 ambiuntur
1004 2581 1031 2617 ‚.
1049 2554 1124 2624 quae
1147 2534 1342 2624 plerumque
1361 2539 1397 2607 in
1417 2535 1526 2622 locis,
1559 2556 1644 2628 quos
1668 2558 1790 2633 eorpus

262 2638 380 2715 fricans
403 2638 507 2709 modo
526 2634 677 2724 reliquit,
701 2646 856 2719 appetet,
879 2627 934 2698 sed
956 2628 1011 2699 lux
1029 2625 1077 2699 est
1099 2628 1205 2699 brevis
1222 2628 1412 2701 durationis.
1437 2630 1496 2703 Cl.
1518 2632 1713 2723 jallaboitua
1729 2638 1794 2707 ob·

261 2738 414 2817 servavit,
440 2733 617 2815 Arubium,
642 2722 804 2815 Sulphur,
830 2717 866 2795 δι
889 2722 1013 2797 Cemm
1031 2721 1189 2817 sigillarem
1210 2719 1323 2794 lumen
1352 2728 1460 2799 miuus
1488 2728 1597 2799 vivum
1619 2748 1718 2819 quam
1742 2734 1791 2805 il·

262 2855 348 2906 trum
373 2827 542 2903 effundere
557 2849 567 2897 r
582 2914 586 2921 Ι
597 2839 755 2917 preterea
788 2836 924 2911 quoque
945 2817 1057 2889 lumen
1077 2821 1224 2909 priorum
1244 2836 1424 2909 corporum
1441 2824 1609 2913 extemplo
1633 2824 1709 2916 post
1731 2826 1790 2899 srl·

258 2932 406 3002 tironem
432 2923 605 3009 definere,
639 2939 702 2991 tiec
725 2918 761 2989 ira
782 2916 927 3007 partibus
947 2912 1107 3007 perstidlis
1122 2932 1268 2985 munere:
1291 2920 1349 2989 An
1369 2938 1439 2989 non
1460 2920 1538 3011 quia
1556 2922 1664 2993 minus
1684 2922 1790 2997 alaidi·

261 3048 302 3100 ea
334 3024 407 3095 sunt
438 3038 538 3111 quatu
570 3020 716 3099 vitrum,
749 3006 1135 3103 minusque·ti·emiscuiit
1162 3006 1297 3096 sricara,
1326 3006 1363 3083 &
1383 3016 1479 3085 citius
1502 3034 1644 3089 tremore
1667 3020 1794 3103 orbim,

262 3122 338 3195 rur?
363 3118 400 3189 dt
424 3118 500 3189 ideo
523 3112 659 3185 fluidum
678 3110 866 3183 eleddiicum
894 3110 1003 3179 minus
1031 3124 1166 3181 movent
1187 3126 1243 3177 aut
1266 3108 1464 3201 expellunt,
1498 3132 1597 3206 quam
1619 3137 1695 3206 qiiae
1717 3115 1790 3193 suut

264 3217 358 3293 valde
377 3213 515 3285 elastica.

313 3314 444 3387 Lumen
467 3306 636 3400 sulphuris
659 3301 811 3396 albescit,
834 3298 891 3371 sed
911 3298 1007 3373 radiis
1031 3298 1159 3375 aonlut
1176 3298 1272 3375 'valde
1295 3300 1457 3392 dilautis,
1481 3302 1544 3377 alia
1565 3304 1634 3377 edit
1655 3252 1792 3402 sulphur

263 3412 483 3509 phaetiomena
506 3424 605 3495 qiiam
630 3400 774 3496 vulgaria
797 3398 985 3491 corpora(
1026 3399 1060 3492 ).

263 3524 266 3529 ⁴
312 3525 344 3623 ᾖ.
375 3510 670 3609 Decccxxll.
704 3512 737 3582 Si
766 3510 829 3581 alie
862 3510 991 3600 objedla
1010 3533 1079 3583 noti
1100 3512 1217 3602 procul
1239 3514 1281 3585 ab
1306 3512 1535 3588 Idioeledlii'co
1560 3518 1705 3589 excitato
1730 3515 1790 3590 ab·

263 3626 413 3701 suerint,
445 3611 482 3683 di
503 3612 540 3679 iii
561 3604 775 3695 atiuosphaerd
796 3603 1009 3675 eledlricitatia
1028 3606 1184 3698 jaceant,
1208 3611 1242 3681 in
1263 3609 1319 3680 illa
1338 3610 1472 3703 objedlr
1488 3612 1598 3703 sparsae
1621 3612 1787 3703 scintillae;

266 3722 414 3813 exigue,
437 3710 603 3791 lucentes,
626 3702 693 3773 siue
712 3718 807 3772 motii
821 3700 990 3791 sonoque,
1015 3703 1129 3774 colore
1147 3706 1256 3790 vario,
1280 3707 1510 3797 projiciuntur3
1535 3729 1609 3798 quir
1622 3710 1788 3783 interdum

264 3812 410 3908 pendent
431 3808 466 3877 lii
489 3804 566 3873 aire
586 3802 671 3871 inter
691 3794 824 3891 objestr
848 3793 885 3868 di
915 3794 1132 3871 eledlricum:
1163 3798 1302 3873 cessante
1324 3800 1479 3879 sridtioiie
1504 3803 1560 3874 luri
1585 3800 1621 3875 da
1646 3804 1795 3881 scintillae

265 3904 468 3983 evaneseimr.
516 3896 672 3969 Scintilla
695 3894 748 3967 hae
768 3894 914 3987 penderit
935 3917 956 3967 a
979 3894 1084 3969 fluido
1103 3894 1258 3971 elrdliico
1276 3894 1429 3973 effluente
1448 3919 1490 3971 ex
1512 3898 1654 3992 objedlis
1673 3898 1790 3973 dllru

268 4008 376 4092 tibur,
404 3995 442 4071 da
473 3998 549 4089 quia
578 4014 648 4068 uon
677 3992 807 4067 dautur
833 3992 985 4085 opposta
1013 4012 1178 4085 corpore,
1201 4016 1344 4087 quorum
1365 3996 1555 4071 eleenititu
1579 3994 1708 4091 influit,
1732 3994 1789 4071 lim

267 4103 418 4177 eledlrica
437 4094 540 4167 modo
562 4114 633 4167 raia
654 4090 730 4178 est,
755 4112 818 4165 noc
839 4092 876 4163 iu
898 4094 975 4163 aire
997 4091 1068 4163 edit
1092 4090 1219 4164 sibilum
1240 4092 1295 4167 vel
1317 4092 1488 4169 susurrum.
1525 4094 1697 4169 'Scintille
1705 4104 1789 4189 prii·

263 4200 348 4275 dent
375 4200 412 4270 iu
440 4193 534 4280 aere,
560 4187 693 4283 quaudo
725 4188 864 4262 fluidum
894 4189 1083 4263 elrtuicum
1105 4192 1177 4284 pan·
1200 4194 1302 4290 copia
1322 4193 1366 4268 ab
1390 4193 1527 4293 objectis
1548 4190 1665 4274 effluit-
1680 4212 1726 4269 aa.
1744 4209 1789 4267 ex

301 4489 364 4654 gi)
386 4482 731 4589 contremuerunt
752 4480 1089 4569 auricularium.
1108 4474 1157 4553 'rr
1229 4534 1240 4587 k
1389 4456 1393 4464 '

327 4573 367 4657 a)
381 4570 577 4655 sipulruarr
598 4564 645 4637 sur
665 4564 828 4657 llllasulta
846 4566 904 4679 cli.
922 4580 953 4649 2·
971 4565 1002 4653 Ι.
1024 4568 1238 4745 goffia,
1379 4654 1397 4673 Ι.
