4282 5962
298 322 380 403 400
500 286 597 377 DE
636 272 1117 381 COHAERENTIA
1152 296 1218 361 uu
1253 272 1643 362 FIRMl'l'ATE.

299 488 358 572 fit,
382 484 535 575 idemque
558 478 683 574 praelltt
704 496 743 548 tc
761 474 875 573 gluten
897 475 1051 545 coe'tione
1076 468 1229 542 solutum:
1253 486 1311 541 rut
1338 470 1539 567 glutinentur
1563 470 1651 569 ligne
1670 466 1828 561 lclrtlryo⁴

298 584 384 656 collo
409 586 442 655 in
460 584 525 653 vini
549 580 657 669 spiritu
682 573 733 645 vel
760 576 858 662 Aque
897 574 1002 640 coelo.
1061 564 1258 659 llujusmodi
1281 568 1405 661 glutine
1428 570 1503 659 pori
1529 567 1694 665 lignorum
1718 562 1756 639 δι
1775 588 1832 640 cu-

299 684 412 755 vitates
437 676 673 769 superficierum
697 672 904 762 implentur,
937 686 1007 737 tum
1032 664 1101 733 duo
1125 664 1242 759 ligne,
1266 668 1385 753 quibus
1403 666 1516 759 gluten
1537 664 1675 736 refusum
1704 664 1831 737 celens-

300 801 366 871 que
389 777 436 847 est
458 772 621 857 adlitum,
654 770 712 839 libi
743 770 981 857 imponunnrr,
1011 762 1266 853 opprimuntur,
1299 780 1472 847 teruntur,
1504 764 1653 855 pondere
1677 762 1832 855 impolito

298 876 350 947 vel
373 872 476 965 praelo
495 872 757 962 comprimuntur
785 862 1015 947 vehementer,
1040 862 1085 929 iu
1104 860 1195 955 ligna
1211 856 1413 950 aliquamdiu
1435 862 1536 949 quieti
1562 862 1833 947 committuntur,

299 993 373 1063 quae
402 966 552 1041 latilllmis
580 964 612 1036 se
641 982 778 1059 tangunt
813 958 1066 1051 luperliciebus,
1100 957 1315 1049 plurimisque
1341 958 1487 1049 partibus
1518 957 1673 1045 trahunt3
1707 957 1835 1054 glutine

297 1066 464 1163 frigeluelo
491 1065 709 1152 induretoque
733 1056 908 1131 sinnillirne
929 1056 1174 1137 cohaerescunt,
1200 1054 1270 1124 imo
1285 1052 1370 1146 saepe
1395 1054 1518 1127 firmius
1535 1058 1707 1141 uniuntur,
1733 1076 1834 1147 quem

296 1164 404 1261 Ligna
431 1162 549 1237 nature
571 1176 818 1231 concreverant.
869 1154 1087 1229 Glutinantur
1107 1152 1206 1223 etium
1228 1154 1361 1247 egregie
1386 1150 1502 1227 asseres
1517 1151 1612 1225 culce
1632 1156 1703 1225 vive
1718 1150 1756 1225 &
1778 1174 1837 1223 on·

298 1262 353 1333 seu
378 1262 453 1333 tulis
474 1262 677 1349 mixtisque,
709 1256 778 1346 pari
804 1254 901 1345 prelo
922 1274 961 1323 ac
984 1252 1138 1343 lapides,
1172 1252 1229 1342 qui
1251 1268 1325 1319 mos
1349 1247 1396 1318 est
1418 1252 1578 1326 Afrorum
1604 1252 1699 1345 (a).
1747 1248 1837 1342 ιφ.

297 1380 405 1451 pones
428 1378 472 1428 ex
501 1356 645 1449 pellibus
675 1374 842 1443 percarum
867 1352 1010 1437 licentis,
1036 1344 1074 1421 δι
1092 1350 1127 1419 in
1147 1346 1329 1421 uentriculo
1350 1350 1500 1445 mngiseri
1525 1370 1601 1419 cum
1624 1370 1708 1439 aqua
1732 1350 1837 1421 coetis

299 1453 413 1555 gluten
441 1456 616 1539 eximium,
641 1452 733 1542 quod
755 1450 882 1546 lignum
906 1469 984 1519 cum
1007 1448 1100 1543 ligno
1124 1442 1298 1516 lirmiffrme
1318 1442 1447 1539 jungit,
1473 1444 1655 1518 conficiunt
1679 1444 1775 1540 (b).

348 1584 380 1683 i.
406 1582 526 1655 MCV.
552 1580 777 1653 Ferruminnre
801 1576 930 1648 metulla
955 1600 1024 1650 non
1055 1572 1166 1647 differt
1198 1597 1217 1645 a
1247 1574 1406 1671 glutinare
1428 1574 1541 1671 ligna:
1573 1598 1650 1649 narn
1672 1574 1839 1651 serrumen

299 1688 334 1799 ip
359 1686 445 1848 igdrrees
459 1672 1057 1845 lippitplg,epplpgpsnpptrzpofullonetn
1082 1672 1289 1839 ucdcaesleretu}
1308 1672 1449 1839 ιίῐὲυηὲἱὲἓ
1468 1673 1616 1837 alpversus
1630 1677 1726 1837 ¹ignis
1741 1672 1843 1840 'ipiu-

298 1794 618 1949 :unmineeguemmpt
647 1866 790 1939 refusum
827 1870 863 1938 in
889 1793 968 1965 igunae1
987 1790 1153 1941 ligglmgfflen
1177 1790 1368 1937 ’inquiulcos
1390 1790 1606 1955 sepffmnffi
1626 1790 1766 1957 petssfffifn
1788 1792 1846 1937 ξιξ-

300 1974 394 2058 fluit,
418 1968 613 2062 impletque:
638 1960 827 2059 refrigerato
852 1964 974 2036 deinde
1002 1958 1237 2037 ferrumine&
1257 1960 1413 2047 merulo,
1438 1980 1545 2053 partes
1566 1982 1659 2033 antee
1685 1960 1845 2049 secretae,

301 2092 390 2143 nunc
413 2088 511 2140 unam
535 2064 657 2134 molem
683 2062 829 2133 efficiunt
855 2061 952 2155 plane
975 2056 1011 2133 it
1034 2081 1184 2133 accurate
1206 2056 1305 2131 1¹&ae
1326 2079 1347 2129 t
1372 2056 1578 2144 ferrumine,
1593 2058 1685 2149 cuius
1705 2056 1843 2129 firmita-

303 2188 335 2239 te
358 2166 600 2237 cohaeretcunt:
628 2182 698 2253 quo
721 2163 850 2251 parcior
873 2157 1057 2231 ferrumlnis
1080 2160 1200 2249 copia,
1224 2178 1299 2248 que
1320 2154 1536 2253 angustiorem
1566 2152 1772 2225 metallorum
1799 2158 1843 2227 ri·

300 2286 389 2337 mum
408 2260 545 2355 opplet,
568 2256 671 2351 mojor
700 2256 835 2329 firmitus
861 2254 1050 2347 efficietur,
1083 2274 1182 2351 quem
1209 2251 1286 2347 plut
1306 2250 1490 2333 ferrurninis
1511 2254 1545 2322 in
1572 2250 1673 2325 letum
1695 2251 1844 2325 hiulcum

301 2360 454 2434 inlusum.

352 2486 385 2583 §-
408 2480 551 2555 lllCVl.
574 2478 651 2551 Alie
676 2498 835 2571 corpora,
859 2474 962 2551 veluti
984 2476 1160 2569 Chartam,
1186 2478 1326 2571 Lintea,
1350 2482 1588 2581 Pergamenum
1613 2476 1681 2555 &o
1702 2482 1840 2580 conglu-

304 2588 443 2657 tinamus
457 2576 580 2667 Amylo
605 2580 640 2647 in
665 2596 751 2665 aqua
774 2577 882 2647 coeio.

354 2681 390 2747 Si
416 2670 678 2759 Ichthyocollam
700 2672 734 2741 in
749 2670 848 2762 Aqua
872 2674 1001 2743 coelam
1023 2674 1123 2761 amyli
1146 2674 1263 2769 glutini
1286 2674 1540 2760 admisceamus,
1565 2681 1697 2772 egregit
1711 2677 1749 2747 fit
1762 2697 1844 2749 con·

301 2770 497 2863 copulatio,
523 2763 646 2835 &cito
668 2764 822 2837 liccetum
847 2764 894 2841 est
918 2766 1050 2861 gluten,
1077 2770 1205 2857 optime
1229 2790 1305 2839 cum
1329 2766 1494 2839 festinatur
1516 2791 1613 2861 opus.
1813 2844 1820 2855 ,

353 2864 493 2937 Gummi
514 2860 683 2946 Arabico,
707 2878 765 2935 tut
790 2858 1015 2955 ngecantlre
1037 2866 1073 2935 in
1093 2864 1196 2953 Aqua
1215 2858 1321 2939 solu'to
1337 2862 1400 2935 elie
1424 2886 1564 2955 corpore
1590 2870 1675 2939 berre
1697 2872 1845 2964 conglu-

305 2970 458 3039 tinantur.
832 2994 846 3013 ·

358 3058 496 3133 Gummi
522 3056 700 3129 Arabicum
727 3055 762 3127 in
786 3052 908 3148 Spiritu
931 3054 1010 3131 Vitii
1034 3052 1213 3127 reeiilicuto
1233 3054 1376 3131 solutum
1398 3060 1523 3149 prebet
1544 3057 1678 3153 gluten,
1703 3080 1771 3149 quo
1790 3065 1846 3131 vi.

307 3182 393 3238 trum
414 3180 491 3231 cum
513 3158 597 3231 vitro
618 3154 704 3225 betie
722 3152 814 3249 jungi
834 3152 954 3245 potest.
1003 3148 1140 3225 Glutina
1165 3150 1237 3225 sunt
1259 3158 1357 3225 etiam
1386 3154 1554 3227 Albumen
1578 3156 1654 3245 ovi,
1680 3154 1845 3229 Terebin-

308 3262 397 3333 thinn
424 3254 550 3337 cruda,
590 3249 835 3339 colophonia,
870 3249 961 3333 Cere
995 3247 1141 3343 figillaris
1173 3246 1404 3341 Hispaniensis.
1465 3250 1607 3325 Glutina
1638 3274 1747 3323 autern
1776 3252 1843 3324 elle

306 3350 439 3451 pollimt
463 3368 579 3419 omnes
601 3344 713 3415 restnae
736 3344 927 3433 naturales,
958 3350 992 3417 in
1016 3366 1094 3436 apto
1123 3344 1226 3419 fluido
1250 3345 1390 3436 solute,
1416 3369 1490 3440 que
1515 3351 1673 3437 temporis
1698 3348 1840 3421 successu

308 3454 344 3527 in
368 3448 448 3559 nire
480 3441 688 3635 soliplespunt.
752 3440 878 3521 Succus
907 3440 987 3515 Allii
1017 3440 1182 3543 exprell'us
1211 3440 1337 3535 prebet
1372 3444 1486 3539 gluten
1515 3446 1594 3519 valis
1626 3446 1843 3539 porcelluneis

310 3562 509 3619 conveniens
562 3562 580 3611 c
612 3588 622 3608 .

360 3642 395 3713 Si
417 3638 488 3713 vest
509 3634 720 3707 Porcellunet
742 3630 944 3728 Delphenliu
968 3636 1029 3711 lint
1052 3634 1171 3727 steila,
1186 3638 1231 3710 in
1254 3659 1379 3733 eorpus
1399 3643 1526 3713 unitum
1553 3640 1692 3733 pristine
1726 3642 1843 3715 forme

334 3740 416 3813 robe
438 3734 632 3833 jungcnmr,
656 3732 789 3805 funibus
811 3734 1023 3833 colligentur:
1047 3734 1148 3809 lebeti
1172 3738 1386 3833 immittentur
1409 3760 1473 3811 una
1491 3760 1567 3809 cum
1592 3736 1691 3810 Lreie
1715 3741 1842 3811 bovino

373 3834 513 3925 Oryzn,
544 3853 604 3925 per
626 3830 796 3905 trihorium
817 3854 1034 3925 coquantur,
1073 3831 1193 3905 deinde
1219 3832 1402 3931 refrigerata
1427 3834 1463 3907 ie
1488 3858 1614 3907 eremte
1638 3858 1705 3907 non
1728 3838 1843 3907 minus

311 3934 405 4007 finnt
429 3932 501 4004 sunt
523 3950 622 4023 quant
643 3950 754 4015 nom,
785 3927 996 4021 ejusdemque
1015 3930 1116 4017 usut3
1152 3931 1270 4001 vitrum
1293 3950 1402 4005 tamen
1420 3932 1622 4031 superficiem
1646 3928 1841 4023 obduoent,

314 4032 420 4107 tenuis
442 4032 532 4103 rimae
554 4026 697 4120 speciem
712 4024 886 4117 relinquit,
910 4046 988 4099 cum
1010 4026 1047 4101 id
1073 4028 1158 4101 uniti
1178 4048 1249 4101 non
1270 4032 1389 4123 potuit.

1801 4124 1842 4205 ln

353 4318 412 4399 (t)
432 4324 544 4383 Thon.
571 4320 657 4385 sinn
676 4316 802 4383 'rrttelt
830 4332 863 4385 to
891 4322 1021 4399 Barbary
1046 4338 1114 4401 pag.
1143 4326 1213 4391 eie.
1238 4322 1441 4390 sonneiisehe
1457 4326 1690 4409 ubhtndlungen
1710 4324 1782 4389 Vol.
1806 4338 1835 4389 t.

356 4478 415 4555 (l)
433 4407 632 4538 geqlffuendsissehe
652 4480 884 4554 Abhrndlungen
904 4482 975 4553 Vol,
999 4499 1026 4544 t.
1046 4500 1111 4561 pag.
1139 4490 1208 4547 eon·

359 4558 417 4639 (t)
437 4554 549 4623 lilitot.
568 4558 702 4627 Acldem.
722 4562 798 4639 Reg.
819 4557 929 4627 Serene.
947 4562 1015 4625 Lib.
1037 4578 1067 4627 e.
1091 4562 1166 4627 Stel.
1190 4579 1219 4639 1·
1238 4580 1306 4643 pag.
1328 4566 1396 4643 184.
