4282 5962
280 305 372 395 on
421 296 813 393 courouuM
855 250 1487 399 arrauc'rtomtuusi.
1581 319 1659 420 3⁶5

133 509 214 581 tabit
240 501 472 597 corpusculum
502 500 592 569 lateri
623 518 703 567 nnn
727 492 908 566 accelerato
932 490 1084 585 inpetu,
1106 497 1205 587 eique
1230 500 1436 575 obbaereseet.
1512 502 1599 575 Nam
1624 508 1659 578 id

131 603 365 694 corpusculum
391 600 456 689 jam
487 598 520 665 in
545 594 607 678 O,
640 598 745 688 agitur
774 594 809 662 iu
837 590 1093 682 perpendiculari
1122 595 1164 663 ad
1185 600 1330 681 tesiam,
1361 620 1434 687 qua·
1457 600 1503 673 cst
1523 622 1659 698 tangens

132 701 229 774 fluidi
243 703 277 771 in
300 699 423 790 puncto
438 695 608 763 cantatus
630 689 687 772 R,
704 690 855 779 adeoque
874 690 979 783 agitur
1001 690 1230 780 corpusculum
1256 696 1289 763 in
1314 695 1401 765 reela
1424 694 1569 781 ORB,
1603 722 1658 772 ve-

131 822 204 873 tum
236 815 346 868 motus
373 793 407 863 Ο
421 790 492 861 Ru
517 788 623 881 potest
649 786 763 858 resolvi
785 788 820 856 in
843 783 947 868 OK,
988 808 1062 876 quae
1083 788 1130 859 est
1150 787 1286 863 direslio
1312 790 1514 878 Gravitatis,
1551 795 1588 867 ὃς
1622 800 1656 867 ἰη

127 897 207 969 KB
230 894 348 964 teclam
364 888 414 961 'ad
440 886 637 959 latus-valis:
662 884 812 974 adeoque
835 880 963 953 neceile
987 884 1094 956 estut
1117 885 1139 959 d
1164 885 1274 961 fluido
1300 890 1438 980 pellatur
1462 910 1556 983 motu
1581 891 1655 964 KB

127 996 169 1065 ad
190 994 271 1062 latus
289 989 389 1063 vais,
419 982 604 1056 &fimuloc
625 982 709 1053 adeo
728 981 1062 1071 appropinquaverit,
1087 1004 1123 1085 ut
1147 1006 1166 1054 a
1190 987 1261 1057 vase
1286 986 1366 1059 trahi
1390 986 1508 1081 poll'tt,
1539 1010 1657 1083 accep·

128 1110 164 1162 to
188 1110 277 1161 novo
302 1089 428 1176 impetu
452 1082 591 1153 celerius
608 1082 767 1151 contiuuo
786 1077 918 1152 seretur.

120 1236 126 1241 -
175 1204 228 1261 2⁰.
255 1186 333 1277 Cas.
349 1182 409 1253 ·Sit
430 1180 496 1272 jam
521 1176 752 1269 corpusculum
775 1172 835 1261 L,
859 1175 950 1265 quod
974 1182 1097 1252 circum
1122 1181 1154 1251 se
1178 1185 1212 1252 iu
1238 1183 1413 1255 rotundum
1439 1184 1568 1272 trabat,
1594 1183 1657 1256 tol·

128 1285 238 1375 latquc
264 1281 406 1352 fluidum
431 1282 464 1349 in
489 1276 620 1357 altum,
652 1272 875 1381 quod'curvae
901 1276 937 1346 iit
961 1270 1141 1367 superficiei
1176 1278 1254 1351 HN
1263 1279 1365 1373 QP:
1391 1280 1559 1375 Quamdiu
1582 1249 1773 1390 curvffli·

120 1403 233 1455 satura
263 1377 343 1451 ΝΗ
369 1399 436 1450 non
460 1379 588 1470 attingit
611 1371 706 1443 fluidi
734 1393 936 1444 curvaturam
961 1370 1102 1461 GH‚a
1136 1376 1234 1447 latere
1259 1379 1337 1449 vasis
1360 1376 1560 1463 formatam,
1593 1384 1724 1482 ⁰b·l·tg.
1747 1424 1777 1472 ι,

123 1480 291 1549 dormiens
323 1472 556 1565 corpusculum
580 1468 613 1541 t„
642 1470 808 1561 quiescere
832 1470 1070 1559 perseverabit:
1102 1494 1212 1545 vetum
1238 1473 1270 1544 L
1295 1476 1493 1565 pedetentim
1518 1481 1655 1570 propius

120 1580 216 1650 -lateti
231 1575 308 1647 vass
325 1572 482 1665 appulso,
508 1590 544 1641 ut
557 1570 661 1639 nubae
674 1566 771 1639 fluidi
794 1588 970 1639 curvatque
997 1570 1028 1639 se
1053 1590 1184 1665 tangere
1209 1575 1366 1660 incipiant
1391 1574 1472 1643 ultra
1499 1572 1553 1661 H,
1580 1597 1655 1647 cor·

119 1672 295 1769 pasculum
319 1670 370 1741 L.
384 1690 477 1741 motu
507 1664 690 1739 accelerato
722 1665 764 1735 ad
799 1665 882 1735 lutus
904 1666 983 1739 vasis
1008 1665 1158 1753 seretur,
1190 1666 1330 1739 fluidum
1356 1669 1444 1739 ΝΜ
1468 1674 1503 1742 in
1528 1672 1655 1743 accessu

119 1774 320 1861 eliquantum
354 1766 543 1849 descendit,
575 1763 794 1835 adscendente
821 1760 930 1845 GH,
963 1758 998 1833 δι
1030 1767 1065 1834 iu
1098 1768 1250 1836 contactu
1274 1767 1460 1856 corpusculi
1487 1764 1523 1838 dt
1547 1769 1656 1839 lateris

119 1869 198 1943 vais
230 1864 279 1937 est
309 1863 537 1941 intermedium
566 1859 708 1931 fluidum
733 1858 839 1931 multo
862 1859 956 1930 altius
982 1884 1079 1952 quam
1105 1882 1206 1950 aruc,
1239 1884 1295 1933 aut
1318 1886 1416 1951 quam
1442 1864 1487 1935 eil
1512 1866 1553 1936 ad
1579 1866 1654 1936 rell·

119 1985 219 2061 quem
244 1960 445 2053 strperficiem
470 1957 569 2032 ntis:
594 1958 672 2028 ideo
695 1956 861 2027 adscendit
883 1958 1164 2047 corpusculum-L
1181 1964 1216 2031 in
1240 1961 1396 2047 tnaiotem
1418 1962 1650 2047 acciit-itatem,

120 2084 217 2154 quam
225 2059 414 2149 praecedens
429 2056 550 2129 siccum
559 2054 789 2147 corpusculum
799 2052 848 2124 0:
863 2054 1112 2145 alatetibusjam
1120 2057 1310 2129 adherentis
1324 2058 1510 2148 corpusculi
1524 2060 1554 2129 L
1573 2058 1651 2131 flul.

119 2160 199 2235 dunt
232 2154 430 2227 descendens
459 2154 547 2245 quasi
581 2174 624 2224 ert
650 2154 748 2244 'apice
778 2152 872 2223 'teneti
895 2156 1017 2224 montis
1041 2177 1218 2227 concavam
1242 2156 1358 2229 vallem
1382 2155 1486 2241 sacit,
1519 2176 1584 2228 tam
1610 2155 1653 2228 ud

120 2255 263 2333 fluidum
286 2252 558 2325 circumambiens
582 2249 632 2335 L‘,
657 2270 755 2338 quam
780 2249 820 2317 ad
844 2248 984 2321 fluidum
1006 2250 1225 2322 adberel'cens
1243 2252 1333 2321 lateri
1358 2255 1461 2324 veliet
1495 2257 1571 2344 quia
1594 2254 1652 2327 aus

120 2376 187 2429 tem
212 2348 258 2420 eli
281 2347 368 2418 adeo
392 2349 480 2421 celer
499 2351 650 2433 corporis
675 2365 786 2413 motus
808 2345 842 2412 in
863 2345 989 2413 accessu
1012 2346 1054 2412 ad
1071 2344 1153 2415 latus
1177 2346 1283 2429 valis,
1307 2369 1376 2417 non
1397 2351 1482 2419 bene
1504 2352 1653 2424 observa·

118 2457 148 2526 ri
177 2444 312 2543 potest.
345 2443 425 2534 quid
456 2442 646 2513 mutationis
673 2436 808 2508 durante
829 2434 985 2507 adscensu
1010 2444 1179 2532 contingit
1197 2442 1235 2511 in
1254 2442 1383 2529 Aqua,
1413 2466 1489 2531 quae
1510 2446 1551 2513 ab
1577 2469 1652 2517 cor·

117 2544 259 2642 pusculo
281 2539 343 2627 L,
377 2536 413 2612 dt
436 2539 536 2612 latere
561 2536 640 2609 valis
659 2534 834 2605 curabitur.
893 2532 930 2603 Si
950 2528 986 2603 l,
1009 2532 1049 2603 fit
1064 2531 1221 2629 globulus
1247 2539 1352 2605 tenuis
1382 2558 1479 2609 cavus
1509 2542 1649 2626 vitreus,

118 2645 261 2722 fluidum
278 2640 425 2709 ambiens
448 2640 482 2705 in
506 2634 680 2704 rotundum
704 2630 794 2718 quod
816 2627 995 2715 attollitur,
1020 2630 1109 2701 abest
1128 2631 1169 2701 ad
1191 2633 1361 2705 minimum
1388 2636 1409 2730 ζ
1438 2654 1528 2722 parte
1551 2636 1651 2725 polii,

116 2747 166 2818 ω
192 2764 214 2811 a
241 2732 408 2825 firperilcie
437 2730 558 2825 globia
590 2745 732 2816 cumque
762 2724 1031 2815 pariintetvallo
1052 2724 1192 2800 fluidum
1214 2726 1389 2801 armerum
1411 2728 1491 2799 abit
1510 2752 1530 2799 a
1549 2730 1651 2803 latete

115 2840 217 2921 vasis,
240 2832 361 2929 globus
384 2830 522 2911 vitreus,
547 2817 653 2917 qui÷
677 2820 758 2914 poll.
782 2843 802 2891 a
823 2822 902 2895 vasis
923 2820 1023 2903 latere
1038 2824 1134 2897 abest
1155 2827 1272 2915 incipit
1297 2824 1405 2911 traiti,
1439 2820 1475 2897 δι
1499 2828 1651 2903 adlatus

113 2935 255 3011 advolat.
329 2923 435 2997 Causa
453 2926 550 3019 igitur
575 2920 671 3012 hujus
692 2918 904 3011 phaeuomeni
929 2940 997 2990 non
1022 2919 1067 2989 cil
1094 2919 1258 3013 simplex,
1287 2918 1344 2993 scd
1368 2922 1419 2994 cll
1443 2934 1490 2993 1⁰.
1515 2922 1578 2999 Vis
1600 2945 1650 2998 at.

118 3034 271 3113 trahens,
296 3047 370 3116 que
402 3040 557 3113 operatur
582 3020 618 3089 iu
642 3014 811 3091 fluidum:
835 3018 888 3089 '2⁰'.
914 3014 1023 3089 Causa
1045 3016 1093 3090 eil
1113 3016 1356 3109 hydrostatita,
1380 3042 1454 3112 quac
1486 3020 1585 3097 efficit
1609 3044 1648 3099 ut

114 3150 239 3223 corpus
264 3122 368 3197 levius
388 3116 560 3191 adscendet
584 3117 619 3185 in
638 3113 747 3185 fluido
768 3134 924 3205 quantum
946 3114 1065 3205 potest.
1644 3148 1649 3177 .·

168 3246 218 3320 3⁰·
244 3216 358 3309 Casus.
382 3216 416 3289 Si
437 3215 503 3288 duo
527 3234 686 3305 corpora,
711 3213 758 3283 uti
782 3210 850 3282 duo
876 3212 969 3307 globi
991 3215 1113 3299 vitrei,
1136 3236 1248 3289 natent
1273 3214 1460 3301 infinitio,
1485 3217 1578 3309 quod
1595 3236 1649 3290 at·.
1694 3252 1772 3323 Tar,

115 3326 283 3405 trabitur,
314 3319 401 3387 circa
423 3310 597 3404 quodlibet
618 3310 809 3401 corpus'in·
825 3309 1002 3381 rotundum
1025 3309 1190 3385 adscendit
1216 3313 1360 3386 fluidum
1392 3313 1589 3403 Auel),
1621 3314 1763 3393 stxxvl.

114 3424 187 3495 baec
215 3436 355 3507 corpora
384 3410 564 3491 adnatant,
597 3426 633 3477 ut
656 3402 793 3479 autad-a
817 3426 958 3497 utroque
989 3428 1136 3481 extremo
1153 3414 1198 3485 in¹
1218 3410 1254 3483 K
1275 3410 1307 3481 se
1339 3413 1532 3510 contingere
1560 3404 1714 3485 inci-afls·
1731 3426 1761 3484 a·

111 3526 229 3613 piant,
253 3512 353 3587 ambo
373 3526 514 3596 corpora
530 3522 623 3573 motu
646 3503 828 3572 accelerato
848 3505 1015 3593 rapiuntur
1033 3505 1068 3575 in
1091 3528 1246 3579 mutuum
1266 3512 1473 3597 conradum
1500 3510 1652 3583 fluidum·

112 3623 147 3689 in
177 3633 293 3685 mutuo
327 3603 480 3676 contactu
511 3598 736 3671 intermedium
768 3596 847 3681 lli,
878 3598 920 3667 ad
943 3598 960 3667 l
987 3599 1093 3670 multo
1120 3600 1215 3695 altius
1244 3606 1438 3692 adscendit,
1464 3612 1534 3679 imo
1558 3608 1646 3681 ultra

113 3711 301 3784 contetlum
334 3701 369 3773 K
399 3698 573 3795 globorum
596 3690 734 3789 asurgit
756 3690 998 3783 aliquousquet
1028 3692 1169 3767 fluidutn
1201 3701 1346 3772 ambiens
1370 3722 1544 3795 utrumque
1565 3706 1641 3798 glo·

114 3813 195 3880 bum
217 3803 323 3877 induit
345 3797 482 3893 liguram
504 3812 547 3865 ex
566 3790 699 3865 duobus
720 3786 821 3863 inillis
847 3790 983 3863 circula
1008 3790 1210 3865 constantem
1224 3826 1255 3882 ,·
1274 3800 1322 3868 uti
1342 3800 1382 3873 in
1410 3798 1514 3897 figura
1537 3800 1644 3873 videri
1719 3856 1724 3863 .

159 3904 228 3977 test.
565 3898 573 3931 ²
790 3918 795 3925 ’
820 3916 824 3923 ·
853 3922 858 3953 -·
948 3895 955 3959 ἶ
1080 3946 1086 3961 t
1255 3920 1259 3925 ·
1514 3948 1517 3959 .

98 3928 213 4092 *ponpa
247 3994 361 4092 Casus.
393 3994 429 4065 Si
453 3986 662 4063 autem'vaiis
686 3986 859 4080 plusquam
879 3986 969 4080 pleni
992 3986 1099 4062 fluido
1123 3988 1308 4085 superficies
1330 3990 1529 4071 unctu
1553 4022 1640 4075 con·
1666 4028 1743 4091 m,

110 4123 191 4191 vexa
214 4098 336 4187 suerit,
369 4094 533 4183 praecipue
556 4087 612 4178 acl„
629 4089 790 4183 margines
811 4084 919 4172 AB,
949 4084 1028 4159 FD.
1047 4090 1311 4186 inmorandum,
1335 4096 1369 4166 in
1393 4097 1506 4171 medio
1525 4096 1757 4173 ECFxxvt.

110 4202 156 4275 est
178 4197 328 4291 planior,
352 4187 404 4262 vel
429 4189 546 4279 plana,
571 4205 634 4275 pro
656 4182 870 4275 amplitudine
884 4184 969 4275 ¹valis
982 4190 997 4268 ,’
1017 4182 1055 4257 dt
1076 4189 1310 4279 corpusculum
1333 4191 1368 4263 Ο
1394 4195 1432 4280 in
1453 4187 1745 4272 rotundum-liae·

110 4296 300 4376 attreterit,
337 4282 563 4358 &elevaverit
591 4280 731 4367 Elms
757 4278 1089 4375 liuidumafimulac
1114 4310 1187 4377 pars
1211 4292 1330 4375 extima
1362 4288 1397 4361 E.
1416 4290 1513 4386 hujus
1537 4294 1638 4369 fluidi

109 4396 168 4471 IE
189 4390 324 4464 concavi
350 4374 478 4477 attingit
500 4402 625 4473 patrem
648 4398 825 4451 exuentem
850 4378 890 4450 E:
908 4378 1004 4473 fluidi
1026 4381 1098 4453 ΑΕ
1122 4388 1319 4459 contextio
1344 4388 1444 4475 vase,
1467 4394 1633 4484 repellitur

109 4487 346 4586 §OiPfficuluffl
365 4478 400 4554 0
420 4478 570 4575 medium
584 4476 664 4573 vlit
687 4476 822 4575 “issia
840 4475 1033 4673 Vfffluegid,
1049 4480 1272 4597 &Pulsum'ab
1297 4486 1334 4559 A
1352 4492 1481 4586 megine
1502 4487 1634 4652 vgtissapld
