4282 5962
399 252 499 340 na.
529 242 816 335 uramus
857 239 1248 333 cuneorum
1283 244 1668 340 Mororum.
1772 267 1823 370 a,

286 476 355 548 quo
381 455 465 549 egit:
493 470 588 540 quum
619 448 775 514 rationem
806 439 944 530 proinde
980 437 1130 529 sequetur
1156 437 1308 511 effecius:
1335 440 1387 512 hic
1409 447 1603 536 incorpore
1626 454 1819 529 determina·

283 575 329 624 tae
356 548 585 645 magnitudinis
609 541 655 612 est
678 539 842 613 velocitas.
860 536 1087 607 determinata:
1111 537 1250 627 proinde
1264 541 1312 611 vis
1336 541 1525 631 incorpore
1546 550 1682 619 excitata
1701 558 1762 624 erit
1779 576 1817 626 e.

283 653 360 723 tiam
388 646 605 717 determinata.
1453 720 1457 727 Ι

279 784 305 831 .·:
331 765 361 862 q.
384 756 595 833 CCLXXX.
622 756 658 827 Si
683 753 834 825 Potentia
858 749 953 821 fucrit
981 765 1071 819 extra
1104 769 1228 839 corpus
1246 749 1337 840 quod
1364 749 1497 841 prellit,
1522 774 1621 847 atque
1646 760 1815 832 incudem

281 863 469 936 conditione
498 854 690 946 perstiterit,
716 874 785 922 non
818 851 938 940 poterit
960 846 1091 919 ulterius
1116 849 1149 917 in
1171 847 1284 917 eadem
1303 847 1480 921 direiiione
1501 874 1650 943 premere
1671 877 1816 947 corpus,

276 961 340 1054 jam
364 955 502 1048 quadam
521 952 696 1024 velocitate
716 967 865 1030 motum3
889 967 965 1015 cunr
991 946 1025 1014 in
1039 964 1081 1012 eo
1103 962 1225 1013 tantum
1247 943 1334 1014 illam
1355 947 1561 1020 velocitatem
1587 950 1618 1021 se
1632 952 1811 1025 exserendo

276 1058 454 1138 suscitaret,
480 1072 545 1142 qua
565 1047 630 1139 jam
655 1067 774 1136 corpus
797 1046 869 1114 adiu
905 1061 1073 1125 movetur,
1099 1043 1175 1131 quia
1200 1040 1234 1111 id
1255 1042 1273 1109 i
1297 1042 1405 1130 prellu
1424 1050 1583 1134 potentiae
1606 1053 1749 1139 perveni,
1767 1051 1809 1120 ad

276 1144 488 1233 ,maximum
528 1146 576 1216 Sit
603 1148 691 1215 enim
727 1142 813 1212 obex
843 1138 953 1210 firmus
988 1136 1072 1221 AS,
1097 1158 1217 1229 eorpus
1248 1138 1349 1207 libere
1371 1143 1494 1212 mobile
1519 1144 1565 1228 F,
1591 1147 1690 1217 elater
1716 1145 1937 1232 nemun.
2062 1198 2069 1211 .

271 1257 327 1351 qui
343 1257 483 1344 primum
506 1242 709 1315 convolutus·
723 1238 892 1330 tensusque
913 1235 950 1305 lrt
972 1234 1006 1305 in
1029 1233 1080 1319 B,
1106 1235 1160 1305 hic
1182 1235 1302 1304 deinde
1325 1234 1447 1308 laxatus
1468 1238 1500 1308 le
1524 1243 1663 1331 quadarn
1684 1244 1934 1328 veloci-iim.

271 1352 336 1428 cate
360 1354 394 1421 in
421 1348 514 1417 ficum
539 1339 609 1411 BC
646 1336 796 1423 exserit,
819 1335 1003 1426 premitque
1033 1352 1153 1425 corpus
1180 1330 1238 1417 F;
1265 1331 1356 1423 quod
1381 1333 1418 1404 fit
1432 1333 1609 1409 admodum
1630 1343 1810 1436 exiguum,
2060 1333 2062 1337 ’

272 1452 327 1541 pix
350 1436 569 1535 resrstcnjr,&
589 1436 702 1535 eadem
722 1434 895 1517 velocitate
919 1450 995 1502 cum
1019 1429 1137 1501 clarere
1155 1446 1300 1500 morum:
1327 1428 1361 1499 Si
1377 1452 1463 1503 nunc
1477 1432 1663 1508 finxerimus
1680 1440 1714 1509 id
1734 1462 1809 1512 cor·

275 1568 342 1640 pus
360 1544 532 1617 velocitate
556 1540 691 1629 'accepta
705 1551 844 1605 ¹motum
876 1531 992 1618 reponi
1018 1530 1052 1597 in
1081 1528 1132 1611 B,
1169 1523 1348 1597 &moveri
1368 1527 1547 1600 directione
1572 1532 1677 1619 BC,
1710 1537 1809 1607 elate-

271 1665 341 1755 pem
371 1637 582 1731 convolutum
616 1628 650 1702 δι
682 1629 805 1702 tensum
836 1646 872 1700 ut
901 1645 1003 1709 ante,
1038 1627 1154 1695 iterum
1187 1622 1284 1692 laxari
1307 1621 1343 1693 dt
1368 1625 1399 1694 se
1422 1626 1610 1716 explicare:
1641 1652 1809 1722 percurret

271 1734 370 1835 clatet
398 1734 517 1809 e'od'em
553 1750 700 1896 tempore
734 1728 820 1813 'viam
847 1723 936 1808 BC,
961 1743 1001 1791 ac
1027 1741 1148 1811 corpus
1173 1718 1202 1790 F
1228 1738 1300 1790 eam
1332 1726 1509 1812 percurrit,
1533 1725 1683 1817 adeoque
1708 1729 1808 1800 elates

265 1859 336 1909 non
355 1833 493 1926 amplius
519 1840 624 1922 pote‘rr
662 1844 810 1916 premere
832 1841 952 1913 corpus
973 1818 1022 1904 F,
1047 1837 1188 1911 corpore
1210 1813 1276 1888 hoc
1301 1812 1336 1888 dt
1361 1818 1480 1891 clarete
1502 1819 1572 1892 BC
1596 1826 1727 1916 paribus
1750 1846 1807 1898 ve·

268 1935 452 2007 locitatibus
474 1931 509 2000 in
528 1926 642 1999 eudem
655 1923 835 1994 direcliene
848 1916 1061 1993 currentibus.

271 2036 277 2045 ¹
315 2052 348 2155 ᾗ.
374 2044 602 2123 CCLXXXl.
629 2043 663 2114 Si
684 2058 763 2111 vero
782 2034 897 2107 eadem
925 2030 1075 2103 Potentia
1104 2028 1301 2101 extrinsecus
1325 2048 1478 2122 premens
1501 2031 1534 2101 in
1546 2030 1601 2102 illa
1614 2031 1807 2106 conditione

264 2172 406 2249 ponatur
424 2169 461 2221 ut
480 2148 600 2241 corpus
620 2138 650 2212 F
673 2135 770 2229 ipsrus
799 2128 947 2221 respectu
969 2127 1131 2222 quiescat,
1156 2125 1254 2197 ueluti
1278 2131 1312 2199 iu
1332 2127 1405 2198 casu
1425 2127 1458 2223 ᾖ.
1484 2147 1566 2221 273.
1592 2135 1712 2221 poterit
1734 2133 1807 2203 baec
1909 2130 1919 2141 “

265 2272 304 2322 ut
340 2268 414 2319 ante
442 2248 477 2315 in
505 2248 626 2329 corpus·
648 2233 796 2323 operari,
820 2229 971 2315 adeoque
1003 2246 1078 2293 curn
1099 2243 1142 2291 eo
1164 2221 1298 2293 limilenr
1322 2223 1520 2294 celeritatem
1542 2231 1807 2312 communicare,

268 2365 367 2437 quarn
400 2342 543 2430 primum
567 2329 750 2401 tradiderat,
801 2324 882 2390 ldeo
903 2320 1090 2406 oportebit,
1116 2336 1152 2384 ut
1182 2316 1321 2386 secunda
1344 2321 1491 2406 potentia
1515 2320 1615 2405 adlit,
1640 2345 1714 2413 quae
1738 2328 1805 2413 pri·

268 2460 360 2513 mam
384 2431 564 2528 potentiam
593 2444 632 2495 ea
664 2416 828 2492 celeritate
860 2428 1016 2497 moveat,
1049 2431 1113 2501 qua
1144 2430 1266 2502 corpus
1293 2411 1367 2502 post
1386 2414 1537 2502 'primunr
1569 2416 1710 2504 prelium
1735 2440 1808 2487 mo-

266 2536 413 2612 vebatur.
1599 2532 1637 2567 ··

318 2632 367 2705 Sit
398 2628 489 2697 obex
507 2612 683 2691 immobilis
704 2608 791 2693 AS,
817 2602 942 2677 &duo
967 2603 1102 2674 elaterea
1121 2599 1269 2693 aequales
1295 2596 1388 2686 DB,
1413 2600 1507 2687 BC,
1533 2626 1674 2696 quorum
1691 2612 1803 2681 inertia
1813 2636 1889 2701 nb,
1903 2641 1936 2701 11

263 2752 332 2805 non
357 2720 576 2797 consideratur
591 2764 608 2799 ,.
629 2728 669 2782 ut
688 2704 862 2796 srmplicior
884 2701 921 2771 lit
942 2708 1145 2790 conceptus,
1169 2718 1291 2789 corpus
1309 2696 1359 2786 F,
1384 2696 1485 2768 elater
1514 2697 1587 2771 DB
1606 2705 1863 2816 convolutuap,g
1885 2683 1943 2812 ,μ’

265 2830 297 2901 le
320 2819 461 2897 laxando
485 2810 524 2884 dr,
546 2803 741 2903 explicando
760 2816 954 2893 promoveat
974 2794 1125 2866 elaterem
1143 2792 1234 2885 BC,
1259 2795 1315 2884 qui
1336 2795 1492 2886 ponderis
1515 2816 1632 2887 expers
1654 2805 1803 2893 concipi·
1864 2778 1872 2800 ⁰
1970 2830 1973 2835 ⁹

266 2916 335 3007 tut,
349 2919 399 2989 ‘ei
412 2912 603 2992 uelocitate,
628 2918 825 2995 quacorpus
841 2892 1011 2968 Fmotum
1026 2893 1229 2982 concipitur:
1252 2892 1386 2982 quiescit
1400 2912 1469 2962 tum
1482 2914 1604 2984 corpus
1616 2893 1646 2967 F
1659 2896 1805 2990 respeelu

266 3010 392 3093 'ela'teris
417 3008 514 3082 BCi
548 2998 763 3095 quamobrem
785 2993 828 3065 ab
853 2990 920 3062 boc
946 2986 1038 3061 renio
1063 2985 1098 3059 dt
1124 2987 1155 3059 se
1179 2985 1345 3059 exserente
1367 2990 1489 3080 poterit
1510 3011 1630 3081 corpus
1643 2991 1690 3080 F,
1714 2995 1803 3067 dela·

266 3136 336 3193 tum
352 3092 538 3181 'direiiione
555 3095 656 3183 DC,
679 3090 809 3165 [imolae
829 3087 974 3160 fueritin
991 3086 1040 3173 Β,
1065 3087 1107 3157 ab
1121 3083 1326 3158 elatereliC
1343 3090 1452 3178 premi
1470 3105 1506 3158 ut
1523 3107 1620 3176 ante,
1645 3087 1802 3185 &proin-

265 3215 308 3286 de
324 3204 466 3282 secundo
479 3197 649 3273 celeritatis
671 3188 772 3289 gradu
784 3186 898 3258 imbui.
1551 3234 1558 3243 ,

312 3327 344 3427 §-
370 3312 773 3403 cccxxxl1.,srcjam
802 3331 923 3403 corpus
946 3308 1153 3383 Fimbutum
1181 3312 1307 3385 duabus
1327 3312 1570 3402 velocitatibm,
1596 3319 1714 3409 quibus
1737 3317 1800 3392 fin·

318 3448 355 3498 ur
378 3420 504 3494 moveri
525 3411 592 3485 aD
618 3411 660 3483 ad
687 3408 743 3489 C,
767 3429 836 3497 quo
858 3420 1006 3497 tempore
1023 3413 1206 3499 pervenerit
1231 3411 1274 3481 ad
1298 3407 1353 3498 D',
1377 3413 1476 3483 ambo
1500 3413 1634 3486 elateres
1656 3417 1741 3489 tenfi¹
1763 3419 1797 3489 in'

262 3448 486 3598 fflaxenrur,
505 3510 541 3579 hi
563 3506 594 3578 sc
612 3502 814 3607 restituentes
837 3522 1004 3590 nequeunt
1025 3504 1135 3574 denuo
1157 3510 1315 3601 attingere
1336 3530 1456 3600 corpus
1470 3508 1521 3596 F,
1546 3515 1622 3604 quia
1635 3514 1668 3584 id
1681 3516 1794 3585 eadem
1806 3536 1869 3597 Tab
1895 3539 1931 3598 ll.

260 3618 436 3696 velocitate
458 3612 494 3681 iu
511 3604 573 3677 bac
596 3601 774 3714 diredlione
794 3594 873 3668 DC
899 3600 1019 3681 currit,
1044 3620 1107 3688 qua
1127 3598 1158 3669 se
1179 3600 1347 3673 restituunt
1365 3606 1516 3678 elateres:
1541 3606 1591 3677 Ut
1611 3613 1710 3705 igitur
1721 3635 1793 3685 cor·
1801 3639 1853 3718 rig
1872 3581 1928 3713 ⁸15,

263 3739 326 3811 pus
350 3711 446 3785 tertio
550 3698 773 3773 uvelociratrs.
797 3692 981 3778 imbuatur,
1007 3696 1192 3785 oportebit,
1219 3708 1255 3767 ut
1276 3719 1360 3768 noua
1381 3694 1534 3771 Potentia
1553 3708 1706 3794 accedat,
1727 3709 1796 3781 effi·
1855 3682 1864 3703 ’

265 3816 374 3892 ciens,
395 3826 433 3877 ut
450 3801 568 3900 gobus
582 3796 611 3869 F
626 3792 772 3891 reipedlu
791 3790 946 3884 potentia:
973 3789 1040 3861 BC
1063 3791 1218 3881 quiescat:
1242 3812 1310 3863 tum
1328 3798 1426 3867 enim
1446 3800 1566 3887 poterit
1591 3800 1679 3888 BC,
1710 3805 1741 3874 se
1761 3828 1796 3876 e·

263 3909 398 3985 volvens
412 3922 454 3972 ex
477 3894 555 3968 Bad
576 3894 630 3977 C,
655 3889 836 3983 premendo
857 3906 954 3984 agere
977 3905 1013 3958 ut
1030 3890 1064 3957 in
1083 3889 1190 3978 primo
1215 3888 1305 3961 casu:
1339 3888 1417 3963 Hoc
1439 3893 1517 3980 liet,
1547 3895 1658 3971 lidue
1678 3920 1795 3992 poten·

263 4011 322 4079 tiae
362 3995 461 4079 ΕΙ),
485 3990 579 4080 DB,
608 3988 755 4063 deferant
785 3986 939 4059 elaterem
966 3982 1034 4055 BC
1059 4004 1101 4054 ca
1130 3985 1324 4073 velocitate,
1348 4010 1413 4079 qua
1435 4011 1558 4081 corpus
1579 3992 1609 4064 F
1631 4018 1794 4072 moveturg

263 4124 336 4219 cunr
368 4113 481 4213 autera
504 4087 576 4163 BC
601 4084 707 4159 teustu
736 4084 927 4173 laxatusque
950 4100 1079 4174 premet
1100 4103 1221 4175 corpus
1247 4078 1300 4171 F,
1321 4086 1417 4177 eique
1437 4093 1572 4161 tertimu.
1589 4092 1794 4171 velocitatem

263 4221 305 4273 un
349 4212 439 4269 met.
696 4248 699 4255 .

306 4219 637 4419 &CCLXXXHL
668 4314 751 4432 ideo
782 4337 909 4409 corpus·
935 4316 1085 4407 quodam
1107 4318 1209 4413 gradu
1238 4320 1421 4397 velocitatis
1445 4345 1595 4419 motum,
1620 4333 1791 4409 accelerari

264 4441 359 4533 novo·
383 4415 486 4511 gradu
518 4416 698 4488 velocitatrs
730 4413 834 4527 quo
858 4417 981 4529 poterit
991 4436 1070 4530 'ope
1092 4413 1233 4528 plurium
1261 4425 1479 4511 potentiarum
1502 4431 1697 4504 extrinsecus
1716 4438 1791 4522 pre·

265 4535 439 4603 meatum,
466 4509 503 4586 ἀ
522 4513 622 4587 firuul-
642 4529 865 4605 operantium:
887 4511 923 4586 Su
947 4534 1176 4707 emmclqtpsus
1196 4535 1263 4610 ιιι)
1293 4539 1360 4592 too
1384 4521 1537 4622 gradibus
1555 4523 1791 4693 uelocirarqqqe

1775 4666 1796 4710 ,
