4282 5962
247 341 326 421 apa
453 306 573 397 DE
656 299 1560 403 ELECTRICITATR

243 528 342 599 quam
375 502 492 591 causa,
514 509 598 593 'que
623 498 815 593 corpuscula
846 499 1043 589 opprimeret
1070 498 1121 568 vel
1154 501 1333 591 repelleret.
1384 505 1542 580 Praeterea
1566 510 1765 591 Elesiricum

237 603 380 676 flauum
403 597 527 671 infundi
550 597 657 689 potest
679 596 767 668 vitris
790 596 904 679 cavis,
939 595 1014 663 aere
1038 597 1177 679 vacuis3
1202 601 1249 666 uti
1273 602 1353 688 parti
1378 601 1533 693 superiori
1558 609 1764 708 Barometri,

241 699 293 771 vel
319 700 404 770 tubis
427 713 484 764 aut
503 693 612 789 globis
630 695 760 778 vitreis3
787 690 919 782 quando
943 710 1068 761 tanturn
1094 712 1192 762 manu
1211 692 1379 767 fricantur:
1406 699 1610 776 Eleetricitas
1626 728 1693 780 tum
1712 713 1765 782 sus

118 814 131 829 ·
240 797 312 866 bito
332 790 454 864 involat
476 793 511 862 in
535 812 678 875 cavum,
712 788 882 860 resrstentis
904 789 985 859 a'e'ris
1010 808 1156 878 expers,
1183 792 1336 881 mirisque
1355 795 1538 871 decursibus
1563 804 1674 896 volat,
1703 812 1761 899 qui

237 892 312 961 aire
338 888 490 960 refistenti
513 886 682 959 readmilso
707 909 775 958 non
801 883 1028 969 observantur,
1057 884 1110 963 sed
1134 884 1263 956 cessant.

289 986 421 1058 Interim
445 987 569 1057 notavit
594 983 653 1058 Cl.
679 982 870 1077 Jallabertus
898 981 1085 1065 Ambram‚
1111 981 1232 1053 Coram
1259 982 1424 1079 figillarem
1442 1040 1456 1074 ,
1476 994 1681 1089 reliquasque
1705 1023 1760 1073 re·

234 1084 318 1157 finos
340 1082 467 1155 sticams
491 1081 596 1153 multo
620 1081 751 1177 largiori
777 1074 1002 1151 Eleelricitate
1026 1077 1196 1168 perfundi,
1221 1101 1320 1170 quarn
1343 1086 1459 1157 vitrum
1484 1088 1505 1182 (
1545 1094 1583 1186 ).

281 1200 317 1297 §.
342 1197 610 1272 DCCCCXlll.
635 1194 847 1272 Eledricitas
877 1216 982 1287 prope
1011 1195 1123 1289 Terre
1152 1198 1257 1270 solum
1277 1222 1346 1271 non
1371 1203 1496 1296 semper
1518 1211 1634 1300 aquali
1660 1221 1761 1307 copia

231 1300 317 1372 Adri
338 1297 449 1382 inell;
475 1294 530 1366 sed
555 1297 736 1369 admodum
760 1293 909 1380 diversa,
933 1314 1165 1389 anteparta,
1195 1317 1284 1367 nunc
1305 1319 1449 1397 magna:
1479 1304 1579 1398 idque
1602 1310 1637 1380 ln
1660 1315 1762 1384 variis,

228 1396 418 1493 regionibus
438 1390 556 1465 differt.

230 1536 237 1543 ·
276 1500 463 1604 Aliquoties
489 1513 577 1583 enim
600 1512 678 1587 mihi
716 1512 802 1583 hisce
831 1511 1060 1602 experimentis
1087 1531 1249 1603 occupato
1273 1515 1405 1598 evenit,
1437 1535 1473 1587 ut
1498 1520 1604 1595 subito
1629 1525 1757 1600 obdor-

233 1612 361 1682 miverit
383 1606 594 1689 elediricitam
621 1631 695 1700 quae
714 1609 839 1700 aliquot
866 1608 954 1677 horis
977 1606 1113 1679 feliciter
1135 1611 1302 1704 viguerat,
1335 1610 1424 1681 nulla
1447 1635 1623 1708 apparente
1653 1628 1753 1696 ratio·

228 1728 272 1776 ne
294 1707 435 1796 torporis
458 1724 514 1775 aut
535 1704 668 1776 silentii:
693 1727 769 1776 curn
791 1726 853 1775 nec
875 1701 964 1778 nisti
988 1706 1061 1776 vitri
1084 1703 1195 1789 calor,
1220 1726 1282 1777 nec
1305 1704 1372 1776 loci
1396 1711 1590 1800 impuritas,
1616 1716 1755 1793 humor·

227 1823 294 1886 ve,
318 1820 374 1871 aut
396 1801 505 1871 sordes
527 1800 619 1896 globi
645 1797 680 1872 &
701 1801 853 1892 pulvilli,
879 1820 942 1870 nec
963 1799 1063 1885 cali,
1096 1822 1163 1871 nec
1182 1804 1269 1873 venti
1294 1802 1468 1894 conspicua
1493 1813 1628 1882 mutatio
1652 1837 1753 1887 accu-

225 1897 284 1968 sari
300 1916 461 1988 poterant.
499 1896 633 1968 Similia
650 1900 747 1969 etiam
764 1898 858 1967 tradit
879 1895 935 1967 Cl.
961 1894 1117 1968 Nollems
1139 1894 1189 1989 (b
1203 1897 1236 1990 ).
1261 1895 1447 1993 Quamvis,
1471 1905 1595 1995 inquit,
1620 1912 1752 1982 univer·

225 1992 332 2066 saliret
355 1992 543 2086 Philosophi
566 1997 790 2080 conveniant,
826 2012 975 2082 tempore
1009 1990 1122 2063 sereno
1155 1990 1406 2065 Eleencmtem
1437 1999 1554 2070 melius
1591 2009 1751 2092 excitari,

223 2091 374 2162 nondum
394 2111 499 2163 tamen
524 2092 698 2182 probatum
722 2091 767 2162 eli
793 2091 988 2180 quibusnam
1009 2088 1282 2176 circumstantiis,
1307 2088 1509 2165 serenitatem
1535 2096 1760 2175 efficientibus

221 2207 278 2258 aut
301 2188 599 2259 concomitantibus
620 2185 776 2258 successus
800 2187 1100 2275 experimentorum
1124 2184 1170 2256 est
1195 2184 1408 2258 tribuendus:
1447 2188 1531 2282 saepe
1555 2193 1620 2264 vidi
1646 2198 1750 2290 maJ'o·

220 2305 272 2355 res
296 2306 394 2374 quam
418 2284 601 2355 mediocres
621 2282 778 2356 saccellus
802 2281 910 2371 pluvia
931 2280 1019 2374 larga
1043 2279 1210 2365 cadente,
1242 2285 1307 2354 alio
1334 2301 1482 2375 tempore
1509 2309 1589 2360 voto
1621 2291 1749 2367 frustra·

220 2399 274 2452 tus
300 2379 370 2465 sui,
395 2381 517 2451 etiarnsi
538 2381 594 2450 aer
616 2381 761 2467 omnino:
783 2379 910 2446 serenus
933 2374 1039 2444 suerit.
1067 2374 1125 2446 Cl.
1150 2377 1265 2446 Bosrus
1286 2378 1342 2469 qui
1368 2376 1495 2457 summa.
1505 2382 1620 2461 fruitur
1646 2413 1749 2481 opor·

219 2479 358 2549 uanitate
380 2473 629 2548 eledtrieitatem
649 2472 856 2545 examinandi
882 2475 916 2543 in
945 2467 1149 2558 Gennania,
1182 2472 1318 2545 modiale-
1345 2474 1450 2570 (r);
1486 2482 1550 2551 vim
1574 2486 1608 2555 in
1632 2489 1746 2576 primis

217 2592 299 2643 tune
324 2575 482 2659 temporis
499 2569 680 2648 debilitari,
705 2588 775 2652 qao
799 2569 936 2630 mutatio
961 2566 1203 2651 Amtosphaerae
1228 2569 1335 2652 instar,
1363 2569 1427 2641 live
1452 2574 1473 2645 i
1498 2576 1606 2651 serena
1621 2583 1654 2651 in
1671 2585 1749 2674 plu·

215 2670 329 2748 tiam,
354 2663 408 2731 seu
431 2663 503 2729 vice
523 2657 637 2742 versa,
669 2652 705 2725 dr
725 2654 860 2726 indicari
882 2655 1095 2725 mutationem
1118 2657 1209 2747 quan
1231 2662 1384 2750 certius,
1420 2688 1517 2761 quam
1543 2675 1611 2747 ullo
1637 2679 1745 2754 Baro·

214 2761 342 2849 reopio.
700 2764 706 2771 '
1042 2850 1045 2855 Ι

234 2867 522 2941 'Elettdtlmtem
549 2885 656 2959 prope
684 2861 832 2957 Leydam
871 2865 907 2936 in
934 2864 1017 2937 aeris
1052 2867 1228 2943 altitudine
1258 2893 1356 2965 parra
1394 2877 1458 2950 else
1491 2887 1747 2969 imbecilliorem

215 2986 314 3057 quam
337 2982 374 3036 ut
396 2961 557 3035 observari
579 2962 702 3055 pollit,
740 2964 795 3035 die
833 2960 889 3033 16.
921 2960 1120 3054 Septembris
1150 2967 1254 3041 Anno
1291 2971 1396 3065 175⁶·
1424 2970 1502 3049 'curn
1534 2978 1627 3055 Nob.
1652 2987 1737 3060 Aba

214 3063 333 3137 Edens
357 3064 393 3134 in
484 3059 715 3134 oWarmond
737 3078 891 3151 expertus
914 3056 989 3129 sui:
1019 3065 1147 3152 utrique
1171 3084 1320 3135 extremo
1345 3068 1396 3138 lili·
1414 3068 1536 3159 ferrei,
1574 3099 1653 3170 ¹50·
1679 3106 1738 3173 pe.

212 3161 273 3232 des
295 3161 410 3253 longi,
435 3180 455 3231 a
477 3179 579 3231 nexus
602 3158 720 3230 sericus
745 3157 807 3231 suit
833 3154 1027 3241 iconisma,
1051 3156 1144 3227 filiam
1164 3158 1417 3236 tendebatur&
1441 3165 1691 3262 suspendebatur
1704 3183 1743 3254 in

160 3284 163 3288 ·
214 3257 382 3328 altitudine
401 3274 540 3344 quatuor
561 3254 684 3343 pedum
705 3275 781 3325 cum
802 3250 923 3321 semisse
943 3273 963 3321 a
983 3250 1055 3323 solo
1072 3248 1108 3324 d<
1128 3256 1160 3325 ei
1257 3256 1391 3345 llelum·,
1421 3258 1481 3333 sed·
1501 3267 1624 3342 nullum
1650 3274 1737 3347 elec·

215 3350 361 3425 tticitatis
391 3349 517 3443 sgnum
549 3350 584 3417 in
607 3347 674 3419 hoc
701 3347 759 3418 iilo
781 3347 888 3418 ferreo
909 3344 969 3417 ibit
991 3349 1139 3423 editum:
1210 3352 1307 3425 einde
1332 3354 1424 3429 filum
1448 3357 1588 3435 ferreum
1613 3370 1647 3439 in
1673 3391 1741 3443 tur·

214 3450 276 3522 rim
300 3443 416 3536 templi·
439 3442 624 3531 elevatum,
657 3446 694 3517 io
722 3465 786 3535 qua
815 3444 857 3515 ab
885 3448 1037 3536 operario
1063 3451 1239 3520 tenebatur
1257 3448 1374 3523 sericus
1397 3454 1566 3532 lemniseus
1591 3486 1737 3540 extremo

215 3545 262 3617 lili
278 3542 450 3627 adnexus,
481 3541 633 3612 tenebam
651 3542 685 3613 in
708 3540 779 3613 solo
802 3538 937 3613 alterum
957 3540 1175 3630 lemniseum,
1209 3568 1278 3637 quo
1303 3547 1394 3621 lilurn
1418 3550 1557 3628 serreum
1583 3564 1736 3636 tendeba-

214 3662 297 3727 tur,
332 3638 387 3710 sed
406 3636 531 3711 nullum
555 3637 633 3711 sens
663 3635 883 3712 eleslncitatis
904 3640 937 3710 in
962 3636 1049 3712 ferro
1073 3643 1271 3739 vestigium,
1310 3652 1457 3738 quamvis
1482 3652 1675 3730 electrinas
1700 3665 1739 3734 itt

214 3737 341 3811 sublimi
368 3737 443 3806 aire
467 3736 599 3829 copiosa
622 3757 690 3807 turn
713 3738 834 3820 suerit,
858 3756 895 3807 ut
917 3757 984 3828 ope
1007 3738 1175 3811 Draconis
1197 3742 1340 3831 patebat·
1365 3746 1465 3818 Anno
1496 3744 1598 3842 175'7.
1624 3758 1739 3828 mense

214 3834 431 3926 laborarit,
454 3828 1197 3920 scientiarumstrenuuacultordrllecaenas,
1223 3835 1448 3911 Nobillllmus
1473 3846 1562 3915 Baro
1588 3869 1649 3918 van
1675 3853 1734 3923 der

214 3928 337 4017 Does,
356 3929 531 4021 Topareha
545 3930 588 4001 de
607 3929 818 4026 Langeveld,
843 3950 974 4003 mecum
986 3935 1074 4024 cepit
1095 3933 1316 4025 experimenta
1338 3935 1373 4005 ln
1396 3939 1488 4032 pagis
1513 3938 1741 4037 Naardwyk,

214 4028 365 4116 inprimis
379 4027 425 4096 usr
442 4025 550 4097 sumus
563 4024 718 4098 Dracone
735 4025 900 4112 Valente,
912 4031 981 4119 ,qui
999 4027 1171 4126 regebatur
1188 4027 1224 4100 lo
1301 4080 1313 4116 ,
1335 4028 1390 4101 sed
1416 4037 1505 4106 tenui
1530 4037 1586 4108 iilo
1601 4039 1738 4131 ferreo,

217 4121 324 4216 (narn
350 4122 442 4199 suan
463 4120 569 4195 lineus
597 4122 653 4195 vel
673 4123 886 4199 cannabinas
915 4125 950 4197 in
980 4125 1105 4225 Belgio,
1121 4148 1193 4203 non
1306 4124 1738 4231 >demigrassem

1646 4236 1742 4312 cirea'

249 4411 309 4489 (ο)
327 4404 508 4489 Experlenee
529 4415 575 4474 ser
598 4413 790 4477 l‘Eleetrlctre
800 4415 909 4494 lixper.
924 4432 973 4493 39»

254 4492 313 4569 (ll
332 4489 517 4553 Recbercbea
539 4494 583 4552 sur
601 4493 787 4554 l’ssledrlclte
807 4513 869 4573 pag.
889 4512 956 4573 ¹7³·

251 4568 309 4650 (e)
330 4571 526 4638 Camenam.
546 4571 627 4634 Nou.
651 4571 688 4633 dc
709 4571 841 4636 nicerte.
861 4586 999 4657 pagae-
