4282 5962
616 298 671 397 Ι)
722 296 764 387 B
823 292 1316 389 T‘M'Ai'G‘N‘TE
1371 296 1415 397 1¹.
1468 298 1517 385 la
1775 332 1860 413 3³⁸

332 499 371 569 vi
471 492 565 567 ΜΒ.
594 495 793 587 apprimarur
814 486 946 562 versarii
978 508 1053 580 pars
1075 485 1156 560 DA
1178 488 1278 583 virgae
1302 486 1385 581 SE,
1412 510 1481 561 rum
1503 494 1608 575 ambo
1632 498 1730 594 virga
1755 496 1863 586 MR,

334 594 362 668 S
427 592 516 665 lente
540 608 811 684 promoveantur,
834 584 1092 675 mvemnmrque
1114 605 1151 655 ut
1174 584 1300 677 semper
1323 587 1451 677 utrique
1465 591 1549 679 parti
1565 588 1707 665 Veriorii
1731 593 1792 665 int
1805 616 1862 689 up·

335 690 490 783 plicata:
522 684 559 761 dt
576 686 711 782 quando
729 685 814 759 ultra
833 680 1009 757 versarium
1033 682 1252 767 recederent,
1276 682 1449 771 fistantur,
1475 679 1511 755 dv
1534 686 1619 757 inter
1642 711 1697 762 eas
1721 712 1863 785 ponatur

334 787 535 873 versarium,
565 788 611 878 atl
625 784 661 857 id
685 800 835 859 muana
862 778 901 853 N
932 799 1042 875 tangat
1064 800 1246 857 extremum
1267 778 1343 865 M,
1367 782 1412 853 ita
1439 802 1514 873 pars
1534 781 1593 868 A,
1626 802 1735 881 margat
1756 810 1863 861 extre.

333 906 426 956 mum
449 883 503 971 S,
541 882 718 976 elapsaque
751 878 890 951 Minuta
921 900 991 950 uno
1015 877 1066 949 vel
1090 876 1195 950 altero
1211 925 1238 962 „
1254 877 1390 953 ulterius
1412 879 1645 969 dimoveantur
1668 885 1798 979 virgae,
1823 906 1862 957 ut

331 978 506 1055 versarium
528 980 667 1055 liberum
687 981 876 1071 linquatur,
910 979 971 1047 erit
999 975 1034 1048 id
1066 974 1244 1049 admodum
1275 972 1363 1075 largn
1396 978 1429 1050 vi
1453 976 1646 1075 Magnatica
1678 980 1860 1065 imbutum,

330 1080 498 1171 precipue
526 1076 645 1150 lihaec
666 1076 816 1169 operatio
847 1072 1021 1167 aliquoties
1043 1072 1166 1145 eodem
1181 1070 1301 1147 mado
1325 1094 1509 1169 repetamm
1532 1094 1714 1155 extremum
1737 1076 1775 1151 N
1798 1081 1860 1151 erit

330 1174 429 1271 polus
454 1174 755 1267 Septemtrionalise
778 1190 958 1243 ereremum
982 1170 1015 1241 A
1039 1170 1195 1244 australis.

381 1270 660 1441 VihMrgrema
680 1272 746 1344 hoc
761 1268 860 1365 pado
873 1266 1054 1342 infunditur
1066 1266 1222 1343 Versorio
1236 1268 1343 1365 duplo
1362 1268 1486 1365 major,
1511 1292 1613 1365 quam
1630 1272 1651 1345 l
1666 1270 1860 1367 prestantis-

322 1369 415 1441 ·limo
479 1391 497 1439 a
543 1390 595 1442 ete
641 1373 736 1443 otuit.
1339 1374 1354 1403 ⁴

379 1486 434 1557 4⁰.
458 1390 540 1539 315?
552 1395 640 1541 durep
650 1466 762 1563 Virgae
783 1462 979 1556 chalyben,
1008 1466 1194 1563 magnetica
1217 1466 1251 1537 vl
1274 1464 1408 1538 imbutae
1432 1465 1524 1549 BC,
1556 1466 1627 1542 ΙΗ.
1648 1466 1776 1561 juncia·
1799 1466 1862 1539 fer·
1891 1486 1967 1549 Tru.

328 1584 370 1637 re
393 1564 487 1636 molli
512 1562 612 1651 EG,
636 1562 721 1639 FK.
744 1563 880 1636 cuilibet
902 1566 1001 1661 virgae
1025 1563 1064 1634 fit
1089 1562 1277 1655 impoiimm
1302 1560 1491 1637 Versorium
1516 1564 1553 1637 N
1567 1564 1673 1653 DA,
1698 1564 1810 1639 osP.
1869 1564 1974 1661 XMV·

379 1660 452 1734 Sint
474 1660 550 1733 dua
571 1663 642 1737 aliar
664 1666 765 1759 virge
790 1658 991 1768 Magneticae
1016 1658 1119 1745 DL,
1152 1656 1251 1729 ΒΜ
1277 1682 1415 1751 quarum
1434 1665 1654 1749 extremitates
1677 1661 1709 1735 se
1726 1646 1930 1759 tarrgen-ffiss·
1949 1658 1978 1706 ¹·

327 1778 377 1830 tts
398 1760 432 1830 in
457 1758 517 1843 D,
543 1758 605 1833 lint
626 1760 775 1853 polares,
799 1757 854 1831 sed
876 1758 1077 1853 diversorum
1096 1757 1279 1849 polorum,
1305 1776 1375 1829 tum
1399 1760 1429 1829 vi
1510 1755 1586 1829 DL
1608 1758 1746 1831 dueatur
1767 1759 1861 1850 supra

321 1853 501 1927 versorimn
524 1856 549 1931 l
570 1857 683 1931 medio
708 1854 744 1927 D
766 1854 810 1927 ad
825 1872 1010 1929 eumenium
1035 1854 1095 1939 N,
1121 1850 1158 1927 dc
1178 1854 1277 1926 altera
1297 1856 1387 1951 virga
1407 1852 1444 1927 D
1514 1904 1527 1939 ,
1550 1876 1571 1927 a
1593 1854 1706 1927 medie
1728 1854 1861 1929 versarii

320 1951 365 2023 -D
388 1952 431 2023 ad
454 1954 499 2025 A.
529 1956 632 2047 idque
659 1972 824 2047 repetatur
845 1952 1047 2043 aliquoties:
1071 1950 1178 2025 Simili
1200 1950 1305 2025 modo
1327 1951 1464 2025 ducatur
1488 1950 1582 2025 DM
1606 1950 1699 2043 supra
1721 1952 1860 2025 alterum

325 2048 504 2119 versorium
526 2052 569 2119 ab
590 2050 613 2121 S
639 2051 681 2121 ad
708 2048 772 2136 0,
803 2044 839 2121 dt
864 2048 944 2123 DL
964 2050 1063 2143 supra
1093 2048 1189 2133 SP,
1218 2050 1281 2121 erit
1312 2052 1346 2120 in
1374 2070 1516 2141 utroque
1533 2048 1677 2121 versoria
1698 2050 1788 2218 π
1810 2051 1859 2121 vis

326 2142 521 2237 Magnetica
544 2149 711 2233 excitata,
732 2150 805 2217 imo
823 2146 929 2218 multo
942 2146 1067 2219 'fosnor
1079 2196 1095 2229 ,
1120 2166 1219 2237 qaam
1243 2146 1418 2219 autumali
1438 2144 1694 2237 praessantiilime
1779 2166 1859 2243 gne-

326 2260 360 2310 te
378 2238 505 2312 infundi
528 2243 697 2337 potuillett
722 2242 973 2333 Nonnunquam
994 2244 1104 2335 plures
1128 2244 1213 2315 vires
1235 2240 1391 2317 Versotio
1414 2242 1649 2333 infunduntur,
1673 2266 1773 2336 quam
1788 2264 1861 2315 true·

255 2358 260 2367 ’
321 2338 355 2407 ri
377 2337 503 2426 potest,
528 2362 665 2429 quarum
688 2338 834 2407 excelsus
852 2358 1004 2423 tempore
1021 2340 1116 2423 perit.

373 2446 404 2547 §-
429 2444 732 2525 ncccclxlld
758 2440 954 2541 Comparari
973 2444 1082 2539 potest
1103 2448 1172 2531 vis,
1196 2466 1264 2537 qua
1287 2444 1411 2531 Terra,
1437 2448 1558 2522 swevis
1581 2453 1766 2525 universalis
1781 2450 1859 2522 Illa·

325 2550 476 2645 gratier,
499 2542 534 2620 in
557 2568 653 2621 acum
673 2547 841 2619 nauticam
864 2564 1038 2635 operatur,
1061 2564 1139 2615 cum
1163 2542 1365 2617 anunente
1390 2544 1560 2643 Magnetis
1585 2548 1675 2617 obvii
1699 2548 1753 2617 M.
1809 2550 1859 2619 Sit
1892 2566 1966 2628 Tra.

319 2645 415 2717 enim
439 2643 512 2715 AC
519 2644 551 2715 B
573 2664 651 2715 acus
675 2642 803 2713 nautica
825 2640 1059 2710 inmeridiano
1082 2638 1290 2733 magnerico,
1313 2640 1476 2730 adquam
1499 2661 1543 2711 ex
1561 2644 1675 2711 medio
1702 2642 1736 2713 C
1759 2644 1856 2713 ducr-
1870 2645 1979 2707 xxm.

318 2760 379 2813 tur
410 2738 685 2833 perpendicularis
716 2732 819 2807 CM.
892 2731 1038 2805 Ponamr
1070 2732 1217 2829 Magnus
1249 2735 1285 2804 in
1309 2734 1455 2825 quodam
1479 2736 1558 2809 loco
1579 2736 1648 2821 M,
1671 2741 1731 2829 qui
1757 2724 1927 2811 trahutffiss·
1947 2738 1976 2785 ²·

326 2858 422 2908 acum
446 2838 480 2907 in
510 2834 607 2909 litum
631 2831 669 2906 N
675 2832 740 2905 CS
763 2828 899 2921 oblique
922 2830 965 2901 ad
985 2828 1201 2901 meridianum
1224 2831 1463 2925 nngneticumr
1487 2850 1560 2903 turn
1579 2854 1666 2925 aeus
1690 2834 1859 2923 quiescens

323 2926 358 3005 ir'r
382 2934 441 3004 litu
466 2931 504 3005 N
511 2932 580 3007 CS
605 2930 785 3021 equalibus
807 2927 929 3000 viribus
945 2928 1052 3023 agimr
1074 2948 1097 2997 a
1123 2926 1156 2997 vi
1178 2922 1292 2997 Terre
1315 2927 1483 2999 universali
1506 2928 1615 3001 versum
1638 2930 1782 3017 ACB,
1816 2954 1856 3005 ac

316 3032 348 3106 a
371 3034 403 3102 vi
430 3024 601 3121 Magnetis
622 3026 668 3101 M
692 3046 783 3099 extra
805 3022 894 3097 hunc
920 3022 1035 3095 lirum:
1059 3020 1109 3093 vis
1129 3038 1241 3093 eutem
1262 3018 1374 3095 Terre
1392 3046 1548 3117 operatum
1569 3026 1636 3119 jam
1657 3029 1795 3121 oblique
1821 3032 1856 3102 in

323 3148 420 3201 acum
441 3122 694 3217 NCS,·atque
714 3142 785 3194 tota
808 3122 857 3193 vis
879 3144 927 3193 ca
951 3119 1127 3192 resoletur
1145 3118 1180 3190 in
1203 3140 1260 3191 an
1283 3121 1584 3213 perpendicularem
1610 3125 1651 3195 ad
1675 3146 1793 3212 acum,
1818 3122 1855 3199 δι

322 3230 359 3299 in
387 3246 438 3297 nc
470 3216 722 3313 parallelamad
746 3238 868 3290 eamn:
901 3219 1027 3309 eritque
1050 3214 1286 3305 eradat,
1318 3236 1355 3288 ut
1385 3220 1470 3291 finus
1492 3222 1604 3317 anguli
1631 3246 1754 3309 arn,
1792 3224 1855 3297 five

322 3316 451 3397 ACN
462 3370 475 3407 ‚
497 3316 541 3388 ad
562 3316 698 3389 radium.
722 3318 772 3402 vis
792 3312 964 3411 Magnetis
987 3312 1032 3385 M
1054 3316 1152 3386 etiam
1167 3313 1306 3407 oblique
1320 3316 1387 3411 agit
1408 3316 1443 3386 ln
1464 3336 1562 3387 ecum
1585 3316 1712 3402 NCS,
1736 3318 1855 3395 ducia-

315 3440 388 3514 -que
422 3420 486 3493 bn.
517 3411 778 3509 perpendiculari
801 3412 844 3482 ad
867 3430 990 3495 acum,
1023 3406 1059 3483 dv
1083 3434 1130 3485 nc
1151 3410 1334 3503 paralleli,
1366 3416 1426 3483 erit
1450 3414 1503 3486 bn
1526 3414 1568 3485 ad
1591 3416 1638 3489 bc
1662 3436 1763 3488 rotam
1786 3420 1855 3491 vim

320 3538 374 3591 ma
421 3518 482 3587 etis
505 3515 541 3582 in
561 3528 659 3580 acum
680 3506 869 3595 obliquam,
892 3510 942 3577 uti
963 3507 1050 3578 smus
1069 3510 1181 3601 anguli
1201 3510 1276 3581 bru
1300 3508 1343 3579 ad
1366 3511 1502 3583 radium.

373 3538 548 3707 &oniam
571 3606 670 3699 iginrr
680 3601 730 3675 vis
743 3620 814 3673 tota
831 3598 945 3673 Terre
969 3600 1008 3670 iit
1031 3601 1074 3671 ad
1096 3604 1164 3673 vim
1188 3624 1451 3691 convertentem,
1476 3612 1524 3679 uti
1549 3609 1657 3681 radius
1681 3610 1723 3681 ad
1748 3610 1851 3684 linum

317 3710 433 3823 iil?
459 3724 544 3875 ”⁶5
556 3696 1653 3887 allisimlldffldnl’Till'llll‘llm
1668 3710 1853 3875 prpe

319 3828 363 3879 an
422 3829 433 3876 1
456 3822 508 3877 Μ
753 3816 758 3829 “
788 3820 791 3827 '
1081 3843 1094 3881 s
1708 3824 1725 3873 8
1814 3824 1850 3877 ln

317 3806 573 3983 ltacgffldistantia,
598 3912 635 3967 nt
655 3849 874 3991 finusimguli
892 3892 966 3989 acb
989 3890 1034 3971 ad
1052 3890 1158 3993 linum
1179 3890 1291 3989 auguli
1311 3916 1399 3995 vra.
1617 3822 1683 3899 gne

315 4104 320 4111 ,
371 4020 405 4113 S.
429 4008 717 4094 DCCCCLXX.
742 4008 856 4103 siper
876 4008 1022 4083 medium
1041 3990 1119 4083 a'cus
1141 4008 1410 4099 tranfierit'axis,
1434 4030 1471 4086 ut
1494 4010 1568 4085 haec
1583 4008 1694 4088 Libra
1709 4010 1848 4093 fonnem

321 4118 463 4206 induat,
486 4110 556 4189 tum
579 4132 658 4186 acas
681 4110 831 4185 omnium
854 4108 970 4181 virium
994 4100 1260 4205 Magneticarum
1283 4128 1428 4203 expers,
1452 4130 1611 4201 quantum
1634 4112 1705 4187 lieri
1727 4114 1846 4209 pellit,

319 4218 356 4289 in
386 4216 448 4290 nru
480 4214 524 4286 ad
557 4208 661 4285 solun
681 4204 839 4299 parallelo
862 4204 900 4279 iit
922 4206 966 4279 ab
990 4224 1128 4297 unaque
1151 4226 1244 4299 parte
1267 4205 1302 4278 in
1326 4208 1537 4300 aequilibrio:
1568 4209 1687 4283 deinde
1710 4212 1848 4289 ducatur

317 4316 415 4411 supra
439 4310 609 4411 Magnetis
637 4304 766 4411 polos,
795 4324 861 4377 una
890 4324 965 4397 pars
993 4304 1037 4377 ab
1065 4326 1127 4377 axe
1149 4303 1193 4374 ad
1215 4322 1395 4379 extremum
1420 4304 1513 4401 supra
1535 4308 1654 4401 polum
1677 4306 1846 4411 Megneds

320 4416 492 4500 hamum,
524 4408 625 4483 altem
647 4424 722 4503 pars
744 4422 822 4477 anus
846 4398 882 4473 su
905 4423 940 4474 ra
962 4400 1078 4495 p'olum
1101 4400 1273 4499 Magnetis
1297 4402 1497 4495 amitalem,
1525 4406 1593 4500 jam
1615 4410 1746 4503 unique
1769 4426 1846 4479 ann

316 4516 406 4617 parri
438 4500 680 4607 equammmu'r
708 4506 779 4578 non
807 4422 946 4596 amplus
977 4500 1101 4599 inerit,
1131 4520 1211 4673 aaz(
1228 4496 1323 4573 litum
1342 4500 1385 4575 ad
1407 4500 1510 4579 solum
1531 4504 1721 4601 parallelum
1743 4502 1845 4667 izva-

1173 4682 1179 4691 ,
1217 4618 1239 4673 v
1262 4618 1285 4667 a
1796 4615 1845 4689 rt,
