4282 5962
451 282 546 387 DE
580 269 1074 371 COHAERENTIA
1110 296 1176 360 rur
1214 271 1604 373 emitterre„
1712 290 1792 394 'eor

312 491 353 563 ln
374 487 474 584 Agris
499 487 585 557 circa
602 477 840 577 Petpignanurn
859 474 1020 547 invenitur
1040 491 1162 559 eruco,
1188 473 1449 565 sesquipollicem
1472 478 1591 576 longo,
1614 479 1698 553 dorsi
1716 502 1793 573 pur·

259 592 380 683 putei,
412 585 530 657 ventris
553 564 630 650 flavi
651 574 717 649 fine
736 575 830 670 pilis,
855 569 984 662 quaese
1009 569 1134 640 arboris
1155 570 1254 642 radici
1274 572 1396 668 alligit:
1423 575 1594 667 postquam
1620 579 1690 651 satir
1714 579 1794 651 ado·

263 688 367 770 levit,
401 677 582 754 folliculum
604 695 668 764 pro
697 674 778 746 statu
809 667 1072 760 Nymphescenti
1104 665 1249 738 format:
1283 670 1337 741 hic
1364 669 1528 742 folliculus
1551 673 1652 765 spatio
1674 675 1794 769 sesqui·

264 783 380 855 menfis
404 779 460 851 sub
485 793 565 847 terra
589 775 774 864 putrescit,
808 787 877 838 turn
899 764 1090 859 colligitur,
1115 786 1184 855 per.
1206 766 1373 838 oeliduunt
1406 771 1442 839 itt
1468 770 1566 860 aqui¹
1586 792 1793 859 maceratur,

263 880 407 952 tunditur
428 877 461 945 in
482 870 606 963 pultem
633 889 710 940 curn
732 865 858 941 tantillo
883 860 962 933 Olei
992 861 1178 955 olivarum,
1210 863 1262 936 vel
1296 864 1575 961 Anrygdalarum,
1609 864 1794 961 &praellae

259 978 429 1073 egregium
453 970 566 1066 gluten
587 964 684 1061 (a).
810 1040 813 1045 ,
975 1028 1014 1056 ,ἦ
1145 1030 1196 1046 ,
1369 1026 1374 1035 ,
1518 1048 1528 1059 ..

313 1081 343 1180 f.
370 1078 528 1154 lllCVll.
561 1076 655 1171 Qria
677 1096 755 1148 cunr
780 1095 920 1168 corpore
942 1068 1071 1146 animali
1099 1072 1174 1146 vivo
1202 1064 1327 1169 nullum
1352 1098 1472 1170 corpus
1487 1132 1521 1175 ,‚
1539 1078 1603 1152 five
1626 1102 1667 1153 ex
1690 1103 1794 1177 regno

260 1178 445 1276 vegetabili
463 1175 515 1249 vel
530 1173 640 1245 Follili
660 1193 872 1245 concrescere
884 1172 982 1258 folet,
1009 1190 1121 1243 natura
1139 1169 1426 1261 pusfeurifluidum
1444 1177 1606 1248 excitante
1615 1181 1703 1249 citur
1717 1199 1795 1249 om-

262 1302 304 1353 ne
330 1280 611 1370 lrcrerogcneutn,
646 1266 738 1343 &id
758 1267 968 1361 expellente:
1000 1272 1045 1340 ita
1075 1288 1211 1360 quoque
1245 1269 1357 1343 fossilia
1383 1295 1451 1344 non
1479 1295 1665 1346 accrescere
1692 1273 1795 1346 solent

261 1373 530 1472 vegetabilibus,
555 1367 592 1441 &
613 1367 769 1465 cutm-his
784 1370 954 1443 inunum
986 1364 1145 1532 conjurpfi
1171 1367 1320 1459 corpus,
1352 1364 1502 1442 nonnulli
1536 1364 1726 1464 Philosophi
1758 1374 1795 1444 in

262 1496 335 1546 eum
360 1470 543 1541 inciderunt
567 1469 779 1559 opinionem,
805 1484 984 1557 corporum
1005 1467 1090 1535 anim
1124 1464 1573 1548 iom,fiveviuentiums1ve
1599 1491 1666 1541 non
1685 1472 1795 1541 viven-

262 1575 368 1655 tium,
396 1588 503 1659 partes
528 1584 695 1656 nunquam
724 1583 802 1634 cum
823 1562 1058 1659 vegetabilibus
1082 1558 1320 1633 ructantibus
1341 1560 1497 1660 conjungi
1517 1562 1630 1656 polle:
1654 1588 1796 1659 corpora

264 1668 409 1759 ejusdem
431 1664 522 1759 regni
545 1661 670 1746 modo,
695 1659 886 1757 vegetabilia
911 1679 987 1731 curn
1010 1655 1272 1753 vegetabilibus,
1304 1661 1453 1729 animalia
1484 1682 1561 1731 cum
1583 1664 1796 1749 animalibus,

265 1763 377 1837 follilia
402 1782 477 1831 curn
501 1756 658 1829 foflilibus
679 1756 915 1846 concopulari:
939 1757 1098 1847 quoniam
1109 1758 1351 1849 expromeret
1374 1757 1446 1828 hoc
1459 1761 1712 1849 comprobatum
1727 1776 1797 1831 non

263 1882 351 1945 erat,
376 1878 486 1949 operae
511 1858 653 1947 pretium
679 1851 821 1945 iudicavi
850 1852 928 1924 huic
959 1873 1104 1923 erroneae
1135 1853 1287 1941 opinioni
1304 1846 1526 1925 -irei'obviatn
1555 1910 1558 1915 .
1587 1855 1641 1925 Fur
1668 1857 1798 1927 historia

262 1955 397 2032 naturali
421 1974 492 2023 earn
514 1954 645 2042 penitus
667 1949 816 2021 refellere
832 1947 1035 2040 potorium,
1059 1967 1135 2018 curn
1159 1950 1307 2019 animalia
1337 1950 1522 2033 nonnulla,
1557 1952 1684 2047 glutine
1706 1951 1799 2042 quod

262 2076 304 2129 ert
328 2056 402 2122 vivo
425 2066 566 2137 corpore
589 2047 799 2145 exprimunt,
824 2045 857 2116 fe
879 2043 1054 2117 firmiffime
1078 2045 1371 2136 lapidibusaliirue
1388 2051 1586 2141 corporibus
1599 2052 1799 2142 quibuscun-

259 2170 330 2242 que
354 2145 546 2226 adneflant,
570 2163 611 2214 an
628 2162 697 2213 non
713 2144 820 2215 aranei
844 2141 943 2214 telam
965 2142 1143 2228 lateribus,
1175 2146 1364 2231 arboribus,
1389 2147 1546 2237 plantisvc
1571 2169 1613 2241 ug
1635 2146 1799 2219 lutinant‘i

264 2246 320 2318 sed
336 2244 396 2316 alia
409 2240 650 2334 experimenta,
674 2241 709 2311 in
724 2240 869 2310 medium
889 2237 1083 2319 adferamus.
1136 2239 1251 2311 Pataui
1266 2242 1430 2327 cylindros
1444 2264 1485 2313 ex
1499 2170 1709 2315 divafiffimis
1725 2266 1801 2317 cor·

267 2344 426 2436 poribus,
452 2339 509 2428 qui
525 2336 641 2425 aequali
658 2335 826 2425 superficie
848 2335 943 2423 plana
969 2334 1001 2400 se
1015 2337 1269 2423 contingebant,
1294 2356 1449 2419 erantque
1475 2339 1620 2408 diametri
1652 2363 1689 2423 1,
1715 2342 1800 2430 916.

265 2440 398 2533 pollicis
423 2431 697 2532 Rhenolaudiei,
719 2450 816 2523 ,quor
845 2428 977 2526 {glutine
992 2427 1101 2512 gratio
1124 2424 1362 2516 conjunxi,;ut
1385 2426 1687 2523 diuc'rfpt'effcelus
1712 2438 1802 2504 dete·

260 2557 390 2608 crem.

267 2560 291 2636 g
317 2634 404 2705 Cum
430 2631 556 2727 glutine
581 2624 728 2696 Taurino
753 2620 943 2714 conjuncta,
968 2620 1072 2703 modo
1095 2621 1256 2695 omnibus
1279 2619 1384 2715 faliria
1414 2621 1558 2718 lignariis
1582 2626 1618 2694 in
1641 2622 1800 2696 u'sut''''co·

261 2731 422 2804 berenna
445 2726 507 2798 fuit
533 2722 679 2813 sequens.
1136 2742 1141 2747 ·
1739 2725 1743 2733 '

316 2923 402 2996 Tilia
427 2940 502 2992 cum
526 2914 654 3008 Lepide
676 2912 819 2985 ceruleo
843 2907 1057 2986 Natatrrcenii
1089 2908 1124 2984 rb
1151 2878 1674 3021 5oossrrp01ficiefflprdisgt
1696 2912 1799 3015 gigni

347 3072 354 3085 .
405 3016 468 3088 fuit
491 3013 601 3085 sraela.
1071 3076 1078 3091 ,
1208 3088 1212 3095 ,
1286 3076 1291 3081 ,

314 3117 453 3188 Ferrum
478 3130 554 3180 cum
577 3107 686 3196 lapide
710 3106 853 3177 ceruleo
876 3104 1090 3181 Namurcenli
1114 3094 1152 3178 rb'
1176 3109 1234 3181 80.

319 3203 679 3301 Ferrumcumligno
703 3199 1146 3296 Guajacolbgssru.„.,
1311 3214 1377 3279 -·,·
1527 3214 1531 3223 ’

321 3306 474 3380 Marmor
497 3301 607 3373 album
631 3322 707 3373 cum
731 3298 833 3372 ebo're
857 3296 892 3370 rb
920 3323 1002 3372 200.

321 3402 475 3476 Marmor
497 3399 608 3473 album
632 3420 709 3471 cum
731 3398 823 3468 buxo
848 3393 883 3467 rb
911 3401 991 3490 136.

319 3498 451 3573 Vittum
476 3519 552 3569 cnm
575 3496 667 3565 buxo
690 3490 724 3560 ib
756 3515 810 3562 10.

438 3690 615 3783 Cortjttrtiia
637 3709 709 3764 curu
733 3688 866 3761 Gratim
889 3711 929 3761 ert
955 3689 1041 3767 Cera
1055 3689 1188 3785 flava,
1213 3692 1427 3791 crubor,
1451 3696 1493 3781 {3
1520 3698 1635 3774 (ἔνθα.
1679 3696 1701 3761 '-

323 3888 475 3963 Marmor
499 3885 612 3959 elbum
636 3905 712 3957 cum
736 3884 838 3957 ebore
857 3881 896 3955 rb
922 3909 981 3976 40.
1132 3922 1137 3931 -

318 3989 418 4060 Later
442 3984 553 4057 corius
577 4002 654 4054 cum
678 3981 782 4053 Salice
805 3982 841 4055 rb
868 3985 951 4074 246.

322 4083 452 4156 Vitrum
476 4080 584 4152 album
609 4101 686 4153 cum
708 4078 800 4176 liguo
823 4076 1077 4179 Mahoganylb
1107 4085 1187 4161 126.

1013 4316 1017 4321 .
1539 4322 1544 4330 Ι
1667 4208 1798 4313 Juniiu

309 4398 502 4482 (⁰)L’Hist.
524 4392 695 4463 uerior.
717 4378 871 4482 Romi.
893 4402 984 4481 1719:
1002 4418 1069 4486 m,
1092 4364 1140 4469 ἠ,
1222 4494 1226 4503 Ι
1601 4360 1622 4369 ··
1739 4392 1742 4397 .

873 4602 880 4609 -
1119 4541 1226 4623 Eee
