4282 5962
336 201 429 293 na
464 192 681 298 noco,
711 189 1056 277 romanon·
1083 192 1424 285 oratoris.
1588 226 1637 312 71

103 407 255 505 quiescat.
306 403 506 474 Sciriautem
522 397 654 488 nequit,
682 392 773 462 situm
791 413 968 482 corporum
994 393 1078 460 inter
1101 390 1184 461 se'in
1201 395 1388 486 regionibus
1408 397 1523 466 nostris
1546 420 1638 466 cotn-

101 507 266 604 parando,
291 521 396 573 utmm
411 500 527 568 horum
543 493 677 584 aliquod
692 493 733 560 al
749 489 829 560 illud
846 488 1089 560 remotissimum-
1103 491 1210 559 datam
1225 489 1420 580 politionem
1438 494 1558 576 servet,
1575 519 1643 567 oce

103 629 148 679 ne
169 656 181 690 ,
207 603 330 675 idcirco
344 599 435 689 quies
448 617 523 669 vera
539 615 581 665 ex
597 592 716 662 horum
736 589 794 658 situ
809 591 892 659 inter
908 587 939 657 se
951 587 1078 659 definiri
1099 590 1223 680 nequit.

154 717 188 804 s.
220 705 377 783 CXCIV.
412 707 519 806 Quies
542 704 696 775 relativa
730 698 778 769 est
804 701 953 789 corporis
989 698 1077 771 idern
1110 700 1206 783 situs,
1231 721 1436 793 comparatus
1467 725 1543 773 curn
1571 705 1642 774 aliis

104 812 280 906 proximis,
311 825 368 876 aut
394 805 580 875 immediate
604 798 833 868 ambientibus:
861 796 960 866 veluti
985 799 1119 887 quiescit
1140 798 1242 868 Terra
1263 802 1407 888 respecta
1430 800 1640 890 Atntol'phae·

104 932 176 992 rae,
204 906 268 998 qud
298 904 454 997 cingitur:
488 905 532 971 ita
559 919 699 987 corpora
736 895 903 984 quiescunt
932 898 1123 993 omnia,‚in
1159 896 1275 967 Tenae
1300 899 1466 987 superficie
1486 901 1643 990 jacentia,

104 1008 154 1081 vel
188 1002 304 1074 infixa:
339 1020 394 1069 aut
422 1000 556 1077 omnia,
584 1017 661 1086 quae
687 992 777 1062 linne
806 992 874 1060 aliis
899 995 1092 1081 corporibus
1121 994 1191 1063 sunt
1214 994 1358 1079 inclusa,
1385 1000 1417 1067 io
1448 1015 1644 1084 quacunque

103 1102 296 1176 conditione
328 1097 405 1169 haec
421 1099 628 1193 ponantur(
657 1088 1029 1186 Quamobremeorpus
1050 1089 1156 1180 potest
1180 1091 1311 1161 relative
1341 1093 1526 1182 quiescere,
1552 1089 1645 1183 quod

102 1222 198 1273 motu
218 1198 389 1268 communi
407 1192 541 1263 relativo
564 1194 724 1261 movetur.
1259 1210 1262 1215 ·
1447 1226 1450 1231 .

156 1307 188 1405 s.
223 1304 370 1377 CXCV.
408 1301 580 1392 Potestque
601 1321 722 1391 corpus
752 1319 908 1389 apparere
935 1298 1078 1369 delatum
1097 1321 1190 1371 motu
1211 1300 1341 1375 relative
1371 1304 1528 1393 proprio,
1555 1303 1647 1393 quod

103 1408 264 1479 tamenin
282 1400 437 1473 Absoluta
456 1399 638 1489 estquiete.
689 1397 722 1465 Si
746 1401 833 1466 enim
857 1395 959 1466 Terra
981 1395 1142 1486 quiescat,
1169 1395 1320 1470 &Navis
1343 1403 1384 1470 ab
1409 1400 1593 1471 Occidente
1611 1407 1646 1471 in
1723 1472 1726 1477 ,

105 1506 280 1575 Orientem
299 1500 417 1570 seratur
433 1517 568 1592 ..atque
595 1494 711 1583 aliquis
734 1497 766 1563 in
786 1516 881 1584 prora
896 1494 1003 1576 stans,
1030 1498 1085 1583 qui
1105 1517 1218 1565 navem
1253 1497 1296 1566 sui
1319 1500 1466 1588 respectu
1481 1499 1648 1587 quiescen-

102 1623 173 1673 tem
202 1599 340 1691 speslat,
366 1596 507 1686 lapidem
533 1593 679 1683 projiciat
704 1593 746 1662 ab
766 1589 852 1662 Orto
874 1589 1035 1661 Occasum
1056 1590 1184 1675 versos,
1210 1593 1272 1662 sive
1291 1596 1330 1663 ad
1349 1599 1509 1685 puppim,
1533 1596 1650 1667 eadem

107 1700 288 1777 celeritate,
318 1714 380 1782 qua
408 1695 495 1763 navis
512 1692 657 1773 vehitur,
681 1689 843 1760 videbitur
862 1689 1043 1779 Speclatori
1056 1694 1090 1758 in
1109 1690 1202 1759 Nave
1219 1691 1300 1780 lapis
1314 1715 1406 1762 nimo
1424 1696 1561 1782 proprio
1576 1715 1648 1763 mo·

100 1797 191 1878 veri,
219 1812 390 1883 propterea
409 1810 519 1863 motus
536 1810 632 1860 verus
651 1785 687 1857 lit
700 1786 865 1858 absolutus
882 1786 1009 1857 deliniri
1033 1791 1145 1876 nequit
1164 1808 1222 1877 per
1238 1789 1475 1861 transsationem
1497 1811 1517 1858 e
1534 1790 1650 1860 vicinia

102 1912 305 1983 corporum,
331 1911 410 1979 quae
433 1908 586 1976 tanquam
612 1883 808 1977 quiescentia
827 1883 1029 1974 spodiantur,
1054 1907 1127 1955 curn
1155 1886 1246 1956 alteri
1270 1886 1438 1977 spectatori
1464 1891 1577 1976 quieto
1595 1907 1651 1959 eat·

109 2011 155 2063 tta
190 1988 310 2060 'Navlm
344 1989 377 2081 in
410 1987 480 2075 rip'a
511 1982 603 2055 llanti
635 1982 717 2074 lapis
746 1981 891 2052 absolute
918 1980 1082 2072 quiescere
1111 1987 1309 2073 apparebit,
1336 1989 1391 2075 qui
1415 1988 1514 2053 etiarn
1538 1981 1648 2054 reveri
1718 2047 1726 2063 ,,

107 2086 260 2179 quiescit,
284 2104 359 2153 cum
376 2087 409 2154 in
432 2083 548 2153 eadem
561 2102 653 2172 parte
684 2082 784 2169 Spatii
808 2079 989 2150 universalis
1014 2101 1156 2149 maneat:
1183 2082 1264 2152 ldeo
1284 2089 1446 2174 optimum
1464 2086 1497 2152 in
1518 2082 1652 2173 sequeu-
1714 2068 1717 2073 ¹

103 2186 194 2266 tibus
215 2185 276 2252 erit
299 2203 433 2251 omnem
460 2201 587 2249 motum
607 2199 642 2247 ut
659 2175 840 2247 absolutum
859 2176 1080 2245 considerasse.
1420 2187 1424 2197 ·

95 2322 101 2335 ·
157 2296 191 2382 S.
216 2293 378 2361 CXCVl.
405 2288 699 2360 Controversantor
719 2293 816 2355 etiarn
842 2289 925 2353 inter
940 2286 970 2352 se
1000 2285 1206 2372 Philosophi,
1231 2308 1338 2358 utrum
1353 2290 1458 2383 Quies
1478 2294 1514 2359 stt
1532 2292 1654 2379 aliquid

111 2389 307 2483 positivum,
332 2407 374 2454 an
396 2404 521 2453 tantum
546 2384 684 2470 privatio
711 2378 845 2447 motus?
872 2376 1061 2466 Disputatio
1084 2382 1241 2472 originem
1257 2385 1362 2471 cepit,
1389 2391 1463 2472 quia
1483 2389 1515 2452 in
1535 2408 1655 2475 corpo·

111 2489 202 2558 ribus
225 2485 343 2573 quietis
362 2478 504 2569 aliquid,
529 2477 623 2564 quod
655 2475 805 2554 laertiarn
830 2473 923 2560 supra
947 2475 1178 2560 apellamus,
1203 2475 1476 2562 deprehenditur,
1502 2483 1588 2548 unde
1611 2485 1655 2552 ita

107 2579 231 2671 aliquid
254 2578 380 2666 positivi
394 2579 426 2643 in
447 2571 683 2662 quiescentibus
712 2571 906 2658 corporibus
937 2565 1036 2635 inesse
1065 2569 1248 2637 videbatur:
1273 2593 1349 2639 nam
1374 2574 1395 2642 sr
1422 2595 1542 2662 corpus
1563 2582 1654 2664 quie·

109 2679 202 2749 scens
236 2674 278 2742 ab
308 2672 410 2742 altero
440 2672 473 2737 in
503 2668 533 2736 se
563 2669 705 2756 imparia
729 2685 829 2734 unum
852 2662 989 2759 gradum
1008 2685 1117 2733 motus
1140 2668 1296 2753 recipiat,
1322 2671 1390 2757 pari
1407 2672 1505 2758 patio
1523 2672 1654 2757 resistit,

109 2797 148 2846 ac
177 2772 287 2842 sruno
322 2767 424 2862 gradu
446 2785 554 2834 motus
590 2782 726 2852 recepto
753 2765 787 2832 in
811 2763 942 2831 obicem
967 2764 1144 2832 incurreret
1162 2760 1380 2847 refillentem,
1406 2766 1512 2854 erlque
1533 2772 1656 2857 impac-

112 2875 203 2943 tione
235 2887 369 2936 omnem
391 2882 519 2932 motum
549 2862 709 2951 perderet.
761 2857 884 2929 Verum
908 2858 980 2928 haec
1009 2858 1180 2929 resrllentia
1203 2863 1419 2950 corporibus,
1445 2885 1510 2932 tarn
1539 2868 1657 2951 quietis

115 2989 213 3058 quana
234 2967 353 3042 motis,
379 2961 504 3047 semper
528 2958 630 3036 inest,
654 2956 753 3024 veluti
771 2958 911 3025 vidimus
933 2957 966 3025 in
984 2955 1018 3044 §.
1035 2976 1119 3047 115.
1134 2956 1299 3046 Adeoque
1317 2980 1385 3027 non
1402 2959 1506 3027 estvis
1523 2964 1659 3047 laquie.
1702 3023 1703 3026 Ἴ

115 3069 173 3136 tis:
199 3078 360 3151 praeterea
383 3059 490 3144 quieta
507 3074 574 3123 non
602 3049 731 3153 posunt
755 3054 901 3121 amittere
921 3072 1077 3136 motum,¹
1093 3075 1207 3148 ergo,
1221 3060 1327 3125 necvi
1352 3062 1469 3152 agere,
1496 3061 1571 3147 quia
1585 3081 1658 3129 eam

114 3182 184 3232 non
208 3158 344 3226 habent:
370 3152 583 3242 quamobrem
607 3150 700 3238 quies
721 3146 800 3225 nihil
816 3149 904 3219 aliud
927 3171 1024 3239 quam
1048 3153 1186 3240 privatio
1202 3172 1312 3221 motus
1327 3159 1410 3231 crit;
1437 3155 1470 3223 Si
1508 3160 1594 3225 enim
1615 3177 1658 3228 ex
1678 3204 1700 3211 ..
1739 3206 1753 3238 ,ι

115 3276 256 3346 corpore
287 3270 380 3322 moto
398 3250 620 3337 concipiamus
645 3268 712 3317 uno
733 3267 905 3318 momento
926 3269 1061 3330 omnem
1080 3268 1207 3326 motam
1229 3248 1321 3337 tolli,
1347 3254 1493 3342 quamvis
1509 3252 1587 3323 nihil
1603 3246 1672 3325 ac:
1685 3320 1690 3325 ,
1704 3248 1718 3331 j
1785 3306 1792 3315 .

116 3352 256 3430 cesserit,
283 3370 405 3437 corpus
427 3346 581 3434 quiescet.
1745 3372 1751 3381 -

166 3468 198 3555 §.
224 3461 405 3535 CXCVll.
431 3457 579 3551 Quiescit
612 3459 709 3549 igitur
729 3478 871 3547 corpus,
897 3479 1041 3548 quocum
1064 3460 1153 3530 nulla
1167 3465 1363 3534 vismovens
1378 3466 1657 3550 communicntur,

117 3585 174 3635 aut
198 3561 436 3631 communicata
459 3555 527 3633 cll,
553 3553 668 3623 sivein
694 3555 785 3641 quod
808 3553 895 3622 nulla
925 3560 1070 3643 porentia
1101 3560 1317 3641 extrinsecus,
1342 3561 1394 3629 vel
1420 3561 1607 3632 intrinsecus
1622 3584 1660 3631 0.
1765 3590 1778 3617 .

100 3682 265 3752 perator,
291 3676 358 3745 aut,
375 3673 509 3740 operata
536 3648 612 3719 fuit:
638 3669 800 3737 praeterea
831 3647 966 3739 quiescit
992 3672 1134 3740 corpus,
1159 3658 1192 3722 in
1214 3657 1305 3744 qood
1329 3661 1489 3743 potentiae
1519 3659 1665 3746 aquales

119 3758 161 3827 ab
189 3756 279 3827 omni
306 3770 397 3841 parte
420 3747 598 3817 secundum
614 3744 758 3815 adversas
781 3746 976 3816 direeiiones
999 3769 1184 3836 operantur.

169 3870 201 3966 ς.
226 3862 420 3938 CXCVlll.
455 3862 493 3932 ln
510 3863 619 3952 quiete
635 3858 778 3930 absoluta
792 3857 864 3928 sunt
878 3858 958 3927 nulli
984 3857 1124 3953 gradus,
1149 3860 1241 3952 quod
1265 3864 1352 3933 enirn
1367 3859 1502 3953 quiescit
1522 3882 1659 3952 corpus,
1713 3878 1717 3883 ·

123 3965 311 4056 fimplicitur
331 3960 486 4052 quiescit,
512 3980 677 4049 nunquam
698 3958 802 4052 magis
819 3958 976 4028 minusve.

173 4083 206 4173 ὃ.
233 4078 326 4153 ClC.
354 4078 397 4149 Et
414 4079 504 4169 quod
525 4076 659 4168 quiescit
687 4098 826 4168 corpus,
851 4093 988 4165 propter
1004 4073 1153 4146 lnertiam
1182 4095 1292 4148 manet
1313 4079 1345 4147 in
1362 4072 1485 4170 Quiete
1505 4101 1515 4147 :
1538 4094 1600 4147 nec
1624 4094 1666 4143 ex

127 4181 158 4254 se
171 4202 315 4271 unquam
330 4179 443 4268 incipit
459 4178 602 4260 moveri,
617 4176 672 4246 nist
695 4195 750 4245 aut
766 4171 1090 4266 quaedamobllacula
1106 4174 1280 4262 tollantur,
1290 4194 1345 4244 aut
1359 4174 1466 4247 causae
1483 4175 1558 4249 aliae
1571 4227 1581 4259 ,
1595 4194 1668 4244 rno-

125 4297 196 4351 tum
218 4278 401 4369 producere
418 4272 589 4357 valentes,
608 4272 804 4344 accesserint.
1307 4283 1310 4287 ’
1543 4298 1546 4302 ·

178 4391 212 4482 §.
239 4388 317 4462 Cs'.
350 4390 484 4482 Corpus
514 4412 620 4461 autem
644 4411 770 4461 motum
786 4389 827 4460 ad
844 4391 986 4480 quietem
1008 4390 1163 4486 redigitur
1174 4390 1192 4480 ³,
1234 4396 1282 4460 1⁰.
1319 4390 1353 4463 Si
1377 4393 1410 4462 in
1433 4393 1532 4484 plano
1558 4388 1672 4479 aspero

131 4508 317 4580 moratur,
356 4497 409 4560 2⁰.
436 4488 471 4562 Si
490 4491 524 4562 ln
548 4488 648 4562 dtum
666 4487 873 4582 projiciatur,
899 4485 1049 4563 Gravitas
1062 4488 1247 4582 deprimens
1268 4509 1398 4564 motum
1421 4493 1517 4564 tollit.
1546 4497 1594 4579 3⁰.
1637 4484 1687 4552 Sl
1721 4486 1781 4546 ·'.!·

1599 4598 1681 4655 cori
1695 4598 1702 4633 ·'
1730 4587 1779 4649 ‘It'
