4282 5962
223 238 402 388 ‘m
503 259 1691 361 ouuuucusnromm

321 492 419 557 turn,
457 467 607 562 adeoque
637 463 705 537 duo
743 463 895 558 quadrata
921 463 1005 536 falia
1038 464 1142 558 super·
1160 463 1305 557 partibus
1334 464 1450 538 mediis
1484 464 1618 539 summae
1649 462 1849 542 Rs÷sw

166 594 267 661 “rau.
322 569 509 675 :Is-liba
532 586 675 659 indicant
693 587 777 659 vires
801 589 1036 658 inmutatione
1067 586 1180 682 figurae
1203 586 1401 658 aelmon:
1434 585 1502 662 duo
1526 586 1582 659 illa
1605 587 1762 683 quadrata
1786 587 1852 664 five

172 677 241 739 ¹¹*
323 689 437 782 ff„
467 704 690 778 subtrahantur
718 725 760 775 ex
791 705 913 775 summa
940 705 1169 796 quadratorum
1190 707 1437 796 exprimentium
1462 712 1577 793 vires,
1611 711 1731 800 quibus
1757 722 1792 791 in
1816 715 1849 786 se

170 756 274 834 ΠΗ.
322 827 551 912 incurrebant,
576 824 642 896 boc
664 821 710 893 est
735 806 1126 922 ὄῗῖψῆῆςῷῖ
1150 820 1215 894 hoc
1239 821 1285 893 est
1307 844 1349 895 ert
1362 806 1449 896 ὶῖΖς
1468 813 1616 901 subtrahe
1641 810 1757 902 flia
1779 833 1855 907 resr-

323 942 425 1019 duum
449 924 551 1017 Y'li
562 947 618 1016 dat
638 947 724 1015 vires
753 943 960 1036 superstites,
985 966 1060 1035 quae
1081 941 1263 1014 dividantur
1287 940 1459 1029 bifariam,
1494 945 1555 1018 srve
1579 946 1672 1041 supra
1688 951 1770 1026 'YF
1793 953 1854 1044 hp.

321 1041 513 1136 potenusam
537 1043 592 1114 liat
617 1040 830 1137 Triangulum
845 1040 1092 1137 redarguunt,
1117 1035 1153 1110 dc
1175 1060 1216 1110 ex
1242 1038 1393 1128 quolibet
1417 1040 1575 1132 quadrato
1600 1053 1740 1122 exnadta
1762 1052 1853 1125 radix

320 1141 497 1232 quadrata,
522 1160 597 1231 qua
614 1137 660 1209 est
676 1137 758 1211 latus
779 1139 947 1236 Trianguli
961 1134 1142 1233 restanguli
1164 1135 1301 1220 YFZ,
1326 1136 1381 1208 dat
1405 1137 1611 1214 velocitatem
1635 1166 1848 1220 communem

320 1243 354 1311 in
378 1237 557 1308 dirediiont
574 1236 663 1309 CA.
688 1234 743 1308 sed
762 1238 794 1310 A
813 1257 968 1329 praeterea
985 1234 1084 1307 sertor
1108 1254 1202 1305 motu
1229 1232 1445 1313 Dcznr.
1468 1234 1497 1308 B
1522 1259 1615 1311 motu
1636 1239 1848 1322 LlVl2llI.

321 1336 473 1424 adeoque
497 1333 520 1403 fi
543 1333 674 1419 mollia,
698 1334 823 1430 glutine
844 1335 901 1405 suo
926 1356 994 1406 non
1015 1335 1104 1405 unita
1128 1350 1296 1415 maneant,
1321 1334 1540 1406 movebuntur
1563 1339 1598 1408 in
1622 1337 1848 1436 diagonalibus

322 1430 713 1607 ffssneffigffimssnp
743 1431 832 1508 AN
862 1430 917 1516 Bi
948 1429 1023 1524 poll
1052 1425 1315 1522 percullionem,
1348 1450 1489 1521 quorum
1521 1431 1620 1506 latera
1653 1434 1724 1510 sunt
1756 1442 1852 1528 Aa,

170 1681 270 1819 ,rr
325 1642 1854 1842 nltliiillli'mirabiliumlaicaliirritabantur

169 1837 292 1915 Uada·
325 1842 398 1915 litio
423 1838 497 1932 post
515 1840 754 1931 percursionem
778 1845 810 1912 in
835 1843 865 1914 B
886 1860 1075 1933 quaramr,
1108 1837 1316 1911 resoluendus
1340 1839 1387 1909 est
1411 1843 1560 1932 corporis
1586 1843 1621 1917 A
1645 1867 1785 1934 motus,
1819 1855 1855 1923 in

325 1956 454 2012 motum
481 1934 571 2020 ab,
594 1938 785 2030 parallelum
810 1941 898 2011 obici
927 1936 1062 2021 CBD,
1088 1932 1182 2008 &in
1208 1932 1278 2009 ΕΒ
1302 1936 1632 2028 perpendicularem:
1656 1941 1693 2013 fit
1717 1965 1855 2036 percus-

317 2037 393 2123 sio,
419 2053 578 2127 quatenus
599 2056 720 2129 corpus
739 2038 774 2109 'A
799 2058 892 2107 motu
914 2036 1038 2109 diredio
1059 2030 1126 2105 ΕΒ
1150 2033 1185 2104 in
1210 2033 1342 2104 obicem
1365 2032 1483 2105 sertur:
1517 2053 1611 2108 motu
1635 2058 1745 2111 autem
1771 2044 1853 2120 ΑΕ

322 2131 478 2229 parallelo
501 2135 611 2203 adium
635 2156 703 2205 non
729 2154 899 2227 operatur:
927 2130 988 2206 Est
1010 2132 1098 2203 obex
1118 2127 1284 2215 elastictts,
1311 2130 1330 2201 i
1355 2150 1424 2223 quo
1446 2151 1491 2202 co
1532 2153 1571 2204 us
1594 2134 1628 2206 in
1653 2143 1852 2213 novumim·

194 2271 200 2281 ¹-
304 2249 439 2324 petum
462 2231 621 2316 mittitur,
644 2229 809 2314 exsultat,
830 2227 871 2301 'dc
893 2231 1112 2313 reverberamr
1134 2226 1248 2298 eadem
1272 2224 1472 2313 velocitate,
1558 2233 1611 2301 via
1634 2232 1789 2320 adverso,
1813 2260 1851 2312 ac

193 2344 271 2408 τιὴ.
326 2328 509 2400 inciderat:
540 2325 690 2416 adeoque
716 2328 799 2396 redit
821 2330 854 2396 in
874 2322 1022 2399 virbii
1038 2325 1203 2425 ,interim
1226 2343 1337 2393 autem
1360 2328 1467 2419 pergit
1489 2327 1523 2396 in
1547 2329 1599 2397 via
1626 2327 1848 2421 EFz'AE,

168 2425 241 2486 n
325 2421 615 2518 parallelaobici:
640 2422 788 2512 proinde
811 2425 844 2494 in
859 2421 900 2492 ·d‘
944 2418 1032 2493 onali
1055 2418 1125 2492 BF
1149 2416 1439 2515 parallelogrammi
1462 2418 1616 2497 EFDB
1633 2425 1770 2506 'seremn
1819 2433 1852 2505 Si

169 2504 236 2580 ΠΒ·
251 2515 282 2574 ⁴·
323 2540 436 2594 autem
457 2536 579 2609 corpus
605 2519 638 2591 A
662 2519 700 2588 fit
720 2539 911 2615 magnum,
952 2537 1103 2609 raturque
1125 2518 1176 2587 via
1201 2514 1297 2603 AB,
1322 2536 1364 2589 err
1379 2535 1496 2592 centro
1519 2520 1563 2592 ad
1586 2544 1732 2598 centrum
1757 2528 1853 2601 duca·

323 2638 380 2688 tur
400 2619 487 2687 radia
518 2614 607 2687 AB.
634 2614 761 2686 distabit
795 2636 916 2706 corpus
941 2619 983 2685 ab
1013 2615 1110 2685 obice
1135 2611 1286 2699 CBD,
1320 2614 1489 2688 intervallo
1512 2619 1592 2692 radii
1616 2628 1766 2716 corporis
1792 2630 1852 2715 A,

324 2709 363 2783 dc
381 2708 502 2781 restim
523 2710 643 2781 eodem
664 2710 768 2782 modo
790 2712 832 2782 ad
852 2711 902 2796 F,
926 2710 1026 2784 veluti
1050 2708 1143 2803 supra
1166 2728 1309 2782 notatur.

172 2813 272 2913 W·
377 2823 410 2922 5.
435 2820 649 2896 DCCCIX.
675 2824 822 2897 Vocatur
840 2824 976 2922 angulus
997 2822 1108 2899 ABE
1130 2825 1336 2913 Incidentr'ae,
1363 2824 1553 2918 &ABR
1579 2834 1829 2929 Repercuffionit

174 2891 297 3030 mi·
327 2923 380 2999 trel
407 2922 616 3016 Rrstear'anis.
648 2921 712 2994 Est
741 2937 878 3014 uterque
897 2923 1034 3019 angulus
1048 2922 1199 3014 aqualis:
1226 2926 1302 3016 quia
1317 2928 1351 2996 in
1366 2926 1695 3027 duobus'Triangulis
1711 2936 1745 3007 A
1759 2895 1853 3026 En}

172 2973 285 3048 ΒΗ
327 3019 460 3103 Eli-F,
486 3019 557 3090 sunt
578 3019 677 3090 latera
706 3019 802 3104 ΑΕ,
827 3018 919 3100 lili,
944 3019 1078 3109 aequalla
1104 3020 1256 3091 lateribus
1273 3018 1499 3110 ·FE,⁴EB,
1520 3021 1623 3133 'dian
1660 3029 1852 3107 'lucrecius

328 3116 633 3202 AsssszFEli,
658 3115 809 3208 adeoque
834 3113 905 3185 sunt
928 3114 1104 3212 Triangula
1128 3117 1285 3207 aequalia,
1310 3116 1346 3189 δι
1370 3122 1508 3218 angulus
1534 3124 1611 3198 AB·
1654 3126 1825 3204 :bom

371 3233 411 3332 15.
438 3234 636 3308 DCCCX.
661 3231 823 3307 Percullio
848 3228 989 3303 duom'm
1019 3232 1191 3325 aequalium
1215 3253 1392 3323 corpomm
1418 3238 1622 3312 elaliicomm
1649 3244 1785 3337 obliqua
1809 3251 1859 3321 in·

199 3353 279 3414 ‘rab
333 3334 395 3405 liar
419 3330 560 3423 ponar,
588 3352 657 3403 mm
675 3335 727 3402 via
753 3326 788 3400 dc
811 3329 964 3402 velocitas
989 3333 1155 3422 utriusque
1176 3328 1254 3423 poli
1277 3330 1513 3421 percuibonem
1539 3336 1794 3415 determinantur
1820 3348 1859 3418 si·

182 3431 265 3522 xlx·
334 3428 403 3501 mili
431 3427 535 3499 modo
557 3451 597 3500 ac
618 3431 651 3500 in
674 3425 804 3526 5:807.
827 3424 869 3498 de
892 3428 1086 3519 corporibus
1112 3426 1274 3502 Mollibus
1294 3427 1421 3502 didium
1444 3430 1535 3524 suit,
1557 3432 1614 3506 nili
1640 3436 1733 3528 quod
1757 3441 1863 3517 elesii·

179 3510 246 3587 'f'ss‘
257 3512 304 3570 ¹⁶·
329 3548 373 3600 'ca
392 3545 534 3617 corpora
551 3525 610 3599 hic
628 3525 701 3598 sunt
722 3523 964 3598 consideranda.

384 3622 564 3695 Moveatur
591 3627 679 3696 enim
713 3621 740 3695 P
763 3624 941 3695 dirediione
970 3617 1005 3695 dc
1041 3621 1212 3698 velocitate
1237 3625 1327 3700 PA:
1361 3625 1604 3724 Qdirediione
1629 3624 1861 3709 &velocitate

323 3721 430 3816 Qu.
462 3719 662 3795 neronam
684 3740 792 3794 motus
820 3720 912 3806 Pa,
937 3725 970 3793 in
995 3721 1080 3808 PB,
1106 3720 1187 3794 BA.
1214 3723 1341 3796 Motus'
1359 3723 1438 3820 QA
1465 3728 1650 3796 inmotum
1677 3727 1776 3815 CA,
1804 3736 1860 3825 qui

324 3822 373 3895 ..fit
390 3819 565 3914 oppofitus
589 3821 683 3905 BA,
709 3816 745 3890 &
765 3823 798 3891 in
828 3816 904 3912 Qc
928 3817 1114 3909 parallelum
1138 3820 1179 3887 ad
1205 3818 1284 3891 PB.
1313 3840 1381 3891 tum
1410 3819 1466 3889 fiet
1489 3820 1673 3912 percusso,
1699 3844 1860 3913 quatenus

325 3919 360 3992 1’
385 3915 422 3991 δι
447 3915 652 4013 Qsemntur
669 3916 901 3987 dirediionibus
923 3912 1059 3983 adtersrs
1086 3913 1186 3997 BA,
1219 3915 1329 3999 CA,
1351 3914 1502 4004 adeoque
1525 3914 1599 4007 post
1622 3919 1861 4008 percuffionem

325 4015 478 4088 farentur
500 4016 689 4105 permutatis
712 4008 968 4088 velocitatibus,
1001 4026 1121 4098 nempe
1148 4007 1315 4085 Predibit
1336 4008 1508 4082 velocitate
1534 4012 1642 4097 AD,
1679 4013 1715 4112 Q
1742 4020 1862 4097 redibit

332 4113 508 4184 uelocitate
531 4111 615 4184 AF.
641 4104 676 4179 dc
698 4109 774 4198 quia
803 4103 829 4173 P
852 4104 958 4197 pergit
977 4122 1113 4195 quoque
1135 4109 1260 4179 moveri
1285 4108 1456 4179 velocitate
1479 4105 1715 4201 DEzPB,
1748 4138 1865 4193 moue-

333 4207 421 4282 bitur
442 4211 477 4279 in
499 4200 777 4307 diagonaliAE.
803 4197 902 4273 veluti
917 4197 1192 4300 Qindiagonali
1217 4204 1317 4301 AG,
1339 4204 1632 4304 parallelogrammi
1660 4210 1827 4290 AFGI.

184 4335 283 4478 ἐξ·
384 4349 417 4449 5.
443 4344 654 4423 DCCCXI.
680 4342 862 4439 Hucusque
884 4365 1023 4441 corpora
1045 4346 1131 4420 inse
1154 4350 1348 4422 incurrentia
1371 4349 1469 4423 instar
1490 4354 1687 4445 puniiomm
1709 4329 1864 4447 profam-

180 4491 245 4571 Μ
254 4513 285 4572 5·
339 4448 493 4524 donanto
516 4443 551 4518 dt
576 4443 728 4519 facilitate
746 4448 988 4573 concepimus,
1010 4445 1067 4520 sed
1089 4448 1136 4520 ita
1156 4468 1225 4523 non
1244 4446 1342 4538 sumt,
1372 4448 1523 4547 adeoque
1542 4471 1635 4526 nuuc
1659 4453 1866 4627 considerent:
