4282 5962
420 245 997 335 MECHANICA
1079 244 1414 349 Morus.
1653 280 1724 365 171

251 443 283 543 5.
315 441 428 516 DLV.
463 443 583 517 Praeter
606 442 678 515 haec
698 446 808 516 omnia
831 446 865 515 iu
889 440 1089 515 Mechaoica
1110 442 1267 514 nonnulla
1296 444 1358 514 alia
1378 443 1609 521 confidennda
1629 450 1726 538 sunt,

197 542 338 637 quando
359 540 526 615 Machinis
543 562 645 613 onera
670 542 912 615 mouebantur:
945 560 1014 619 tum
1037 542 1126 613 enim
1146 538 1237 611 nolle
1264 558 1422 633 oportet,
1447 544 1587 637 Quanta
1607 547 1725 622 debeat

203 640 270 713 elle
292 641 467 732 potentia,
497 660 571 729 quae
595 637 765 711 Machina
791 637 887 710 alicui
899 639 1043 711 admota
1064 636 1245 711 brevillimo
1271 655 1419 730 tempore
1442 638 1654 715 defideratum
1677 646 1727 718 ef·

202 734 533 837 fedumpraestabit,
559 758 634 807 cum
653 737 782 808 interim
803 733 873 827 ejus
900 737 987 815 adio
1017 734 1056 807 fit
1078 737 1226 807 omnium
1252 736 1410 807 minima:
1435 755 1491 848 aqt
1509 758 1662 828 quaenam
1686 742 1725 815 dt

201 839 284 910 ratio
303 835 457 923 potentiae
482 832 524 903 ad
544 832 706 925 pondus,
730 854 806 905 cum
826 835 974 924 potentia
994 854 1105 905 movet
1131 832 1293 925 pondus,
1318 828 1356 905 du
1376 831 1526 904 machina
1553 856 1723 924 movetur,

200 953 238 1004 ut
255 928 390 1003 effeuus
411 933 570 1002 maximus
592 933 626 1003 in
641 930 720 1003 dato
737 950 884 1022 tempore
900 928 1109 1020 produoarur.
1163 929 1233 1005 Aur
1262 927 1384 1025 Qualis
1408 931 1444 1003 in
1468 928 1560 1003 usum
1578 934 1726 1009 vocanda
1795 965 1800 973 ·

202 1028 241 1101 fir
266 1027 436 1115 machina,
462 1048 500 1100 ut
520 1049 607 1099 onus
627 1030 775 1101 omnium
794 1026 990 1101 velucillime
1007 1049 1068 1121 per
1091 1027 1198 1101 dataui
1220 1025 1403 1101 Potentiam
1425 1027 1467 1098 ad
1482 1032 1660 1102 maximam
1677 1029 1726 1103 nl·

201 1125 374 1240 timdinem
393 1124 575 1209 attollatur:
600 1124 664 1197 Vel
684 1144 722 1197 ut
740 1126 875 1233 minima
897 1127 1013 1201 virium
1027 1125 1149 1219 jurium
1161 1144 1218 1197 aut
1237 1127 1408 1218 impendio
1422 1146 1507 1200 onus
1526 1149 1587 1220 per
1604 1126 1728 1201 Poren·
1865 1163 1868 1171 ·

200 1243 279 1295 uam
296 1243 479 1296 moveatur.
897 1280 903 1287 .

247 1322 297 1393 Sir
320 1324 410 1401 enim
431 1319 538 1413 aliqua
558 1319 729 1406 Potentia,
752 1342 827 1411 quae
850 1319 1011 1413 applicata
1035 1318 1204 1393 Machina
1228 1321 1362 1411 incipiat
1378 1318 1506 1393 eleuare
1520 1342 1605 1395 onus
1625 1318 1661 1394 dr
1679 1322 1728 1396 su·

200 1438 318 1512 parare
339 1415 555 1506 fridiionem,
589 1438 658 1490 tum
677 1418 787 1509 potest
811 1418 883 1491 haec
907 1417 1085 1491 admodum
1104 1418 1194 1492 lente
1228 1417 1355 1490 elevare
1386 1439 1501 1505 onus,
1532 1419 1670 1510 proinde
1690 1419 1728 1493 lit

200 1517 360 1608 temporis
378 1515 516 1609 jiuura:
540 1514 596 1587 sed
623 1517 924 1603 onumminuatur,
956 1536 1024 1587 rum
1051 1514 1071 1585 l
1094 1518 1241 1606 potentia
1267 1512 1407 1585 celerius
1432 1517 1554 1604 poterit
1582 1519 1727 1604 moveri,

199 1633 358 1705 quantum
377 1635 455 1698 vere
476 1613 690 1695 minuendum
711 1610 760 1685 est
782 1634 890 1697 onus,
913 1631 951 1687 ut
978 1612 1094 1687 eadem
1117 1614 1267 1706 potentia
1288 1613 1416 1702 optime
1436 1631 1608 1703 operatum
1627 1615 1728 1685 maxi»
1865 1696 1867 1702 A

189 1732 290 1784 ‚mum
307 1732 392 1784 onus
410 1709 593 1785 brevilllmo
611 1722 764 1804 tempore
784 1710 934 1785 attollar:
959 1709 1069 1783 Posset
1089 1730 1173 1783 onus
1193 1711 1290 1783 nimia
1308 1709 1429 1795 minui,
1455 1727 1591 1802 mmque
1604 1729 1727 1802 poren-

199 1812 243 1879 tia
263 1807 337 1900 plus
356 1807 507 1900 praestare
524 1808 666 1895 valeret,
691 1809 768 1881 ideo
790 1807 917 1881 necelle
938 1808 986 1881 ell
1008 1827 1046 1881 ut
1068 1807 1323 1881 determinemus
1344 1825 1430 1877 onur
1450 1805 1596 1899 respestu
1610 1826 1728 1898 poten·

199 1908 252 1978 riae
268 1904 371 1992 data,
394 1905 447 1978 vel
468 1907 652 1999 potentiam
674 1904 821 1999 respectu
841 1907 950 1979 oneris
979 1904 1071 1979 dati:
1095 1905 1242 1996 pendent
1262 1901 1439 1975 solutiones
1461 1903 1579 1975 horum
1597 1903 1731 1996 proble-

200 2022 324 2074 matum
343 2023 441 2093 quam
462 2004 642 2094 plurimum
660 2023 680 2074 a
701 2001 884 2075 differentia
904 2005 1123 2094 potentiarum
1149 1998 1185 2075 δι
1207 1998 1364 2092 operandi
1384 2000 1512 2071 modis:
1537 2000 1617 2074 Alio
1643 2003 1731 2073 enim

199 2099 305 2172 modo
327 2119 503 2189 operantur
526 2099 698 2185 homines,
723 2121 822 2192 quam
852 2098 944 2190 Equi
962 2098 1014 2171 vel
1035 2100 1097 2170 alia
1117 2099 1282 2172 animaliar
1307 2097 1386 2169 Alio
1407 2097 1511 2171 modo
1532 2098 1632 2191 Aqua
1656 2118 1732 2169 cur·

198 2219 301 2282 rens,
334 2193 482 2285 Ventus,
506 2196 597 2292 Ignis
620 2192 688 2268 duc.
711 2197 789 2269 ideo
815 2194 921 2267 vallus
943 2195 998 2268 hic
1018 2199 1160 2286 aperitur
1179 2217 1315 2287 campus
1340 2193 1575 2280 Mechanicir,
1603 2197 1638 2268 in
1660 2216 1731 2287 quo

198 2299 259 2383 qui
285 2293 468 2386 deligenter
491 2315 562 2362 non
581 2313 670 2374 amr,
694 2292 928 2363 Methanicam
952 2290 1111 2381 perficere
1137 2295 1262 2383 nequit.
1295 2290 1389 2382 Quia
1411 2293 1593 2362 admodum
1617 2313 1733 2383 parum

196 2388 268 2459 lruc
294 2408 400 2473 usque
423 2384 470 2453 est
489 2385 696 2474 miiitum,
719 2384 971 2476 frequentiffime
991 2388 1122 2470 evenit,
1152 2384 1389 2468 armachorae,
1414 2406 1489 2475 quae
1510 2388 1544 2455 in
1569 2389 1733 2476 principio

195 2505 276 2567 non
288 2481 378 2569 ,male
399 2482 595 2576 excogitata
615 2496 798 2573 apparent.
827 2482 1072 2573 comperianmr
1088 2478 1310 2571 imperfedae,
1337 2499 1401 2552 nec
1418 2479 1521 2571 scopo
1534 2485 1733 2555 conuenien-

206 2602 266 2653 tes.
315 2577 380 2649 Pro
409 2574 590 2667 exemplo,
616 2577 655 2645 lit
673 2579 852 2666 potentia,
877 2598 951 2666 quae
975 2596 1043 2667 ope
1071 2597 1172 2647 axeor
1194 2579 1230 2646 in
1258 2574 1461 2666 peritrochio
1487 2574 1583 2665 podir
1604 2578 1733 2651 elevare

204 2677 353 2770 pondus;
379 2694 514 2765 quaero,
540 2689 697 2762 quantum
715 2669 904 2766 eligendum
929 2670 967 2741 lit
985 2670 1142 2761 pondua,
1168 2691 1205 2743 ur
1230 2673 1378 2762 potentia
1399 2670 1580 2743 brevilfimo
1605 2691 1735 2765 tempo·

203 2797 240 2846 re
264 2773 423 2842 maximos
439 2768 514 2839 edat
534 2765 693 2838 effertus?
717 2764 859 2839 Calculo
881 2767 1136 2853 inventuram,
1158 2766 1353 2859 capiendum
1373 2764 1438 2837 ess'e
1462 2767 1617 2859 pondus,
1642 2769 1736 2861 quod

203 2870 253 2944 ast
274 2863 302 2962 ²⁴,-
325 2865 413 2937 illius
444 2862 744 2955 punierim-quod
771 2880 848 2932 cum
870 2864 1019 2953 potentia
1036 2861 1125 2935 foret
1145 2866 1181 2937 in
1200 2864 1407 2957 aquilibrio,
1434 2863 1532 2957 quale
1552 2867 1598 2937 in·
1612 2864 1735 2959 Capite

204 2966 267 3041 lX.
289 2961 544 3059 demonlhatum
564 2958 636 3057 fuit
681 2959 914 3054 ,supponimus
937 2959 1006 3033 dati
1030 2981 1138 3035 ronam
1154 2961 1257 3071 mqlp
1280 2956 1422 3052 aquirie
1433 2982 1509 3035 cum
1527 2961 1622 3037 Nob.
1671 2962 1735 3037 Pa·

198 3068 340 3149 'rentio·‚
364 3074 439 3153 quae
461 3060 503 3131 ab
523 3060 665 3152 aquam,
683 3054 869 3130 inferiorem
896 3058 1191 3135 alamincunente'
1205 3080 1380 3149 moretum
1403 3058 1428 3132 u
1453 3080 1526 3132 rota
1548 3082 1616 3133 non
1639 3060 1677 3133 fir
1695 3084 1734 3135 o·
1869 3080 1873 3087 ·

204 3181 342 3246 nemra,
367 3160 685 3253 omnirqqeattrirus
699 3176 854 3247 ‘expetas
867 3156 908 3235 ab
928 3178 1014 3247 aqua
1036 3158 1170 3233 tandem
1181 3161 1226 3231 in
1251 3179 1324 3233 eam
1346 3156 1545 3231 celeritatem
1563 3159 1734 3256 irrigetur,

207 3282 281 3352 quae
295 3258 433 3330 currenti
449 3255 558 3346 Aqua
571 3253 706 3346 aqualis
724 3251 788 3351 eli:
813 3251 868 3324 sed
883 3251 906 3324 fi
923 3256 992 3325 aris
1007 3252 1110 3327 Rota
1125 3258 1304 3343 oneretur,
1327 3250 1470 3328 &simul
1490 3254 1733 3342 aditomnium,

206 3361 314 3429 minor
348 3358 409 3426 erit
441 3373 521 3423 rota
553 3349 725 3438 celeritas,
758 3345 794 3421 dt
825 3371 869 3421 eo
898 3353 1008 3425 minor
1018 3402 1041 3439 ‚‚
1064 3374 1134 3447 quo
1165 3353 1297 3446 pondus
1330 3350 1508 3446 appensum
1538 3349 1587 3425 est
1613 3350 1734 3446 majore

207 3451 359 3551 Qrandu
381 3472 452 3522 tum
472 3451 620 3538 potentia
638 3448 746 3537 Aquae
768 3446 1042 3532 accelerans,'eli
1064 3450 1198 3541 aeqoalis
1213 3452 1368 3542 potentiis
1388 3450 1735 3537 retardantibus‚·ma·

205 3555 303 3626 chine
328 3546 484 3618 uniformi
513 3561 609 3613 motu
638 3563 753 3639 perget
782 3548 918 3617 moveri.
974 3544 1023 3617 Sit
1047 3547 1115 3619 AB
1139 3549 1295 3622 velocitas
1315 3550 1471 3619 currentis
1495 3551 1627 3640 Aquae:
1657 3544 1732 3620 Ac
1739 3581 1880 3647 qu-111,

206 3649 364 3721 velocitas
385 3660 487 3724 rota,
513 3660 588 3730 quae
609 3640 652 3712 ab
672 3639 1004 3733 Aqua-turpatum
1016 3643 1153 3737 quando
1169 3660 1281 3737 moror
1307 3642 1407 3714 Rorae
1430 3645 1525 3715 evasit
1541 3643 1844 3740 uniformisfflrgp.

207 3764 278 3818 tum
302 3741 378 3815 CB
403 3735 632 3829 representabir
656 3736 765 3829 Aquae
786 3734 1002 3825 velocitatem
1022 3722 1186 3825 relativam
1198 3788 1216 3824 .,
1248 3754 1352 3837 a'qua
1369 3761 1478 3810 morus
1497 3763 1577 3813 rorte
1595 3743 1734 3833 pendet:

208 3843 308 3916 Attio
330 3836 423 3908 fluidi
442 3837 478 3905 in
500 3832 585 3903 alam
605 3851 688 3903 rorae
703 3880 734 3935 ,ι
748 3831 797 3905 eli
816 3832 1287 3935 mzqmdmunuelociana-
1306 3834 1454 3906 elativae:
1478 3836 1629 3930 adeoque
1651 3859 1738 3931 pon·

209 3940 271 4012 dus
290 3934 382 4027 quod
404 3931 547 4003 elevatur
568 3929 587 3999 d
611 3950 712 4017 rota,
735 3926 912 4023 postqturir
931 3944 1045 4025 motor
1064 3930 1162 4021 eralir'
1180 3934 1236 4021 opi
1273 3936 1372 4018 nnis,
1398 3932 1496 4005 deber
1524 3934 1738 4028 aequipollere

212 4035 333 4116 astioni
364 4028 479 4113 fluidi,
510 4026 574 4098 sive
608 4026 709 4099 debet
726 4022 790 4099 ellle
814 4028 864 4101 uti
886 4026 1080 4125 qltudruurm
1098 4026 1206 4103 CB0·
1231 4027 1474 4122 Multiplicerur
1496 4031 1562 4104 hoc
1583 4035 1615 4104 in
1635 4032 1736 4120 AC,

209 4154 287 4235 quae
311 4126 357 4198 est
376 4125 530 4199 uelocitas
550 4142 631 4197 rotae
647 4146 667 4197 a
681 4123 816 4197 flumine
835 4126 985 4199 excitata.
1006 4146 1077 4199 nrm
1090 4122 1227 4199 effedus
1243 4146 1324 4198 rotae
1343 4129 1377 4200 in
1397 4127 1474 4200 dato
1493 4150 1642 4224 tempore
1657 4153 1735 4224 pro·

176 4298 179 4303 ⁴
210 4249 346 4334 duitas,
371 4246 433 4319 erit
451 4242 703 4336 proportionalis
723 4241 841 4324 Aca<
861 4222 962 4317 ΐΒῖ
1009 4238 1175 4317 Ponamus
1195 4241 1264 4339 CB
1284 4242 1417 4316 bisecrti
1438 4247 1471 4318 in
1494 4245 1558 4335 D,
1582 4268 1651 4322 turn
1676 4250 1737 4319 erit

213 4344 674 4444 ncaoaazncaa
705 4340 1547 4453 acuaaula=4ncaacu>ana
1583 4364 1735 4453 areaque

213 4464 348 4537 elferius
363 4481 444 4533 rotae
456 4457 691 4543 erimannus,
716 4458 849 4551 quando
867 4458 943 4532 AC
967 4473 1004 4543 >a
1029 4456 1151 4538 CDad
1171 4455 1243 4530 DB
1256 4458 1311 4531 dat
1324 4461 1518 4551 produtlum
1535 4464 1732 4541 maximum

56 4681 68 4687 ῃ
203 4557 491 4703 Ιξειίἰριοάῑιᾶῑῑῑὶὶ
510 4556 577 4631 erit
596 4560 793 4649 mimum,
818 4558 951 4655 quando
967 4554 1200 4730 partesulYC,2
1213 4554 1314 4649 CD,
1338 4555 1434 4648 DB,
1459 4560 1531 4634 sunt
1557 4553 1725 4727 aequales.S
1723 4649 1736 4720 i
