4282 5962
476 286 1552 425 ,moparyrnrxmmnarnsrrco.
1709 326 1786 419 ψ

261 524 331 599 quo
348 502 571 594 compadtiora
582 494 777 585 redduntur,
802 493 884 565 siunt
897 495 1000 591 magis
1018 492 1162 579 elastica,
1189 512 1329 567 attamen
1344 498 1441 567 nimis
1458 497 1550 582 cusa,
1574 504 1685 593 potius
1700 500 1788 576 sran-

265 623 406 703 guntur,
431 621 494 670 nec
513 594 678 666 ehsticitas
698 593 770 685 plus
787 591 920 675 crescit,
947 590 1093 664 adstricta
1109 592 1301 685 quibusdam
1315 592 1490 667 limitibus:
1515 595 1549 666 hi
1566 596 1684 669 limites
1707 600 1789 671 huc·
1864 682 1868 689 ¹

265 722 371 792 usque
398 702 609 794 ignorantur:
640 691 722 764 fides
751 694 833 765 ultra
867 690 931 763 bos
959 688 1077 761 limites
1105 710 1253 776 extenta,
1300 694 1422 765 uamvis
1448 692 1598 764 nondum
1619 694 1787 783 distrada,
1910 685 1915 693 ’

265 802 300 871 in
322 796 483 889 pristinam
505 794 693 862 brevitatem
718 812 787 864 non
815 787 923 860 redit:
955 787 1080 885 lignum
1104 792 1228 859 redium
1247 712 1470 871 vehementius
1488 789 1673 879 inflexum,
1706 814 1791 864 nun·

267 916 365 987 quam
379 891 496 984 'postea
517 892 552 962 in
572 892 716 980 priorem
740 891 860 961 redeam
884 886 1022 957 formam
1047 885 1153 957 redit:
1177 888 1233 957 An
1255 891 1420 980 nunquia
1436 906 1571 981 partes,
1602 910 1676 981 quae
1696 909 1792 964 antea

266 993 298 1065 se
318 990 572 1085 contingebant,
598 985 743 1057 flexione
763 986 816 1059 vel
839 986 971 1057 cusrone
989 986 1086 1055 nimis
1106 982 1322 1077 recesserunt,
1347 1006 1446 1077 quam
1465 1006 1501 1057 ut
1518 984 1551 1057 se
1568 986 1694 1061 emere
1710 1008 1794 1082 que·-

264 1110 339 1173 ant,
364 1107 461 1178 atque
486 1089 531 1156 ita
553 1104 722 1174 utcunque
744 1083 850 1155 naetae
875 1080 976 1167 sunt,
1007 1102 1070 1153 nec
1091 1082 1259 1172 pristinum
1286 1100 1477 1175 recuperare
1499 1082 1633 1175 poll'unt
1655 1085 1792 1159 locumi

266 1178 414 1275 Chalybs
436 1186 514 1276 igne
538 1200 734 1272 temperatus
757 1181 795 1253 lit
817 1178 995 1253 admodum
1021 1177 1194 1268 clasticus,
1219 1182 1388 1271 temperati
1408 1180 1546 1254 densatas
1569 1181 1617 1253 est
1646 1183 1793 1275 respectu

266 1283 410 1373 chalybis
434 1280 575 1364 mollis,¹
589 1279 637 1349 uti
663 1278 771 1371 7809.
793 1278 835 1349 ad
854 1277 950 1370 7738
1061 1313 1069 1321 ·

313 1397 345 1498 §.
373 1394 598 1475 DCCLXV.
623 1394 781 1467 Praeterea
806 1416 875 1488 quo
899 1414 1039 1486 corpora
1063 1393 1138 1488 plus
1159 1394 1296 1493 frigent,
1323 1395 1394 1468 sunt
1417 1400 1520 1495 magis
1543 1396 1699 1484 elastica,
1725 1417 1796 1477 tum

264 1519 345 1573 tero
365 1497 436 1568 sunt
455 1494 551 1567 densa
571 1490 608 1565 δι
626 1494 825 1609 constristo:
857 1513 926 1584 quo
947 1492 1022 1584 plus
1044 1494 1178 1577 caleat,
1210 1494 1283 1565 sunt
1302 1497 1410 1565 minus
1432 1494 1586 1582 elallica,
1618 1497 1662 1565 ita
1687 1495 1798 1571 saltem

264 1589 1801 1786 llll,‘lmi?hilaribus{hiriiaihjildmlhtriennalibus

264 1812 305 1861 er
328 1789 441 1860 iisdem
462 1786 664 1871 calentibus,
689 1806 825 1858 notante
853 1785 911 1859 Cl.
936 1785 1106 1857 Belidorio
1133 1785 1223 1881 (a).
1274 1784 1368 1856 Idem
1394 1804 1592 1857 tormentum
1619 1788 1654 1856 in
1685 1786 1803 1861 eadem

241 1886 444 1965 ‚elevatione
470 1884 590 1981 globos
614 1882 657 1954 ad
684 1885 786 1955 varias
808 1885 931 1956 evomit
961 1883 1140 1969 distendas,
1165 1903 1241 1954 cum
1260 1886 1349 1955 tario
1371 1883 1482 1955 calore
1505 1880 1689 1971 incalescit,
1713 1884 1802 1957 adeo

263 2003 300 2056 ut
319 1981 546 2075 explofiones,
570 1982 662 2052 brevi
686 1986 836 2073 tempore
860 1980 893 2051 se
919 1976 1110 2072 sequentes,
1135 2001 1205 2052 non
1226 1982 1425 2053 conveniant
1451 1980 1546 2075 (b):
1571 1976 1799 2053 Nihilominus

264 2081 358 2153 datur
377 2080 471 2147 limes
490 2077 608 2167 aliquis
632 2075 750 2148 caloris
775 2074 991 2173 defrigens,
1015 2080 1049 2147 in
1077 2099 1145 2168 quo
1170 2076 1351 2168 amplitudo
1373 2076 1475 2169 jasius
1498 2098 1540 2148 ex
1562 2095 1728 2150 tormento
1752 2076 1801 2151 est

263 2179 425 2258 maxima,
451 2192 615 2244 tormento
639 2173 714 2264 plus
736 2176 885 2245 minusve
907 2173 1034 2243 calente
1057 2172 1160 2264 jadus
1181 2172 1362 2266 amplitudo
1385 2175 1432 2246 est
1458 2178 1579 2247 minor.

316 2269 541 2361 Excipiendus
561 2286 670 2339 tamen
692 2270 739 2339 est
762 2271 851 2365 sier,
877 2265 913 2339 dt
934 2266 997 2339 alia
1017 2266 1117 2339 fluida
1135 2268 1263 2341 elastica
1282 2272 1349 2339 adri
1374 2270 1542 2365 analoga,
1567 2296 1643 2363 quae
1665 2276 1707 2345 ab
1723 2276 1803 2371 igne

265 2368 423 2461 majorem
441 2369 508 2435 vim
532 2363 696 2433 elasticam
716 2362 948 2452 adipiscuntur.

314 2485 348 2575 §.
372 2475 630 2553 DCCLXVI.
657 2472 945 2573 Quorumcunque
965 2494 1144 2569 corporum
1168 2476 1402 2563 elasticorum,
1434 2476 1498 2549 five
1523 2476 1712 2565 Fossilium‚
1737 2480 1803 2555 five

266 2578 494 2664 Animalium,
528 2575 591 2646 srve
615 2571 859 2667 Vegetabilium
883 2570 1052 2645 elasticitas
1071 2592 1181 2645 manet
1209 2576 1378 2645 immutata
1399 2576 1434 2645 in
1459 2573 1579 2645 Vacuo
1607 2576 1802 2665 Boyleano‚
1909 2608 1915 2631 ·

266 2679 447 2768 eademque
456 2674 592 2745 omnino
609 2668 655 2741 est
662 2689 701 2738 ac
710 2667 744 2735 in
751 2666 858 2753 Ae're,
875 2684 945 2735 non
960 2667 1081 2761 major,
1099 2690 1168 2739 non
1181 2670 1306 2753 minor,
1322 2690 1384 2740 nec
1394 2665 1564 2741 readmiffo
1574 2672 1649 2741 edre
1661 2675 1694 2743 in
1710 2694 1801 2745 cam·

264 2794 383 2871 punam
407 2769 607 2850 increscens,
633 2762 738 2835 modo
759 2780 900 2852 corpora
920 2782 983 2833 nec
1005 2763 1185 2851 calescant,
1209 2785 1273 2837 nec
1292 2764 1500 2849 humescant,
1525 2767 1572 2837 uti
1593 2769 1800 2859 experimen.

264 2877 306 2945 tis
324 2867 504 2956 assoyleo,
519 2858 725 2951 Htuksbejo,
745 2856 943 2943 Derhamo,
960 2863 1085 2951 capris,
1106 2858 1272 2933 &anobis
1285 2864 1451 2952 repetitis,
1465 2863 1626 2955 novisque
1633 2864 1749 2937 additis
1763 2869 1799 2939 111

263 2964 417 3049 Balaenh,
440 2958 586 3034 Chordis
602 2956 760 3042 Musicis,
774 2951 886 3039 Lana,
902 2950 1027 3027 Plumis
1043 2959 1171 3043 avium,
1188 2955 1334 3031 Calamis
1349 2955 1543 3049 scriptoriis,
1557 2956 1697 3055 Lignis,
1721 2960 1803 3035 Me.

264 3064 369 3149 taliis,
395 3060 571 3155 spongiis,
597 3053 715 3137 Vitro,
740 3050 914 3123 Arundine
938 3050 1073 3138 Indica,
1105 3054 1246 3153 Reating
1261 3052 1374 3139 dicia,
1399 3055 1542 3127 evictam
1562 3055 1627 3129 est:
1653 3057 1739 3129 adeo
1764 3077 1801 3132 ut

264 3160 360 3237 eausa
382 3155 576 3228 elallicitatis
596 3172 665 3224 non
684 3150 723 3220 srt
739 3147 810 3219 Aer
831 3144 949 3219 crassus
967 3148 1132 3237 eiasticus,
1157 3152 1263 3244 qui-in
1281 3170 1459 3242 corporum
1482 3151 1642 3225 meatibus
1666 3153 1799 3228 delites-

268 3276 377 3343 ceret,
404 3250 439 3325 dt
467 3273 532 3325 una
553 3270 630 3321 cum
652 3244 841 3338 comprellis
869 3241 1081 3319 inflexisvec
1145 3246 1260 3322 ombus
1285 3246 1509 3339 compreiiua,
1532 3266 1641 3341 partes
1662 3250 1800 3323 elastici·

269 3374 334 3430 tate
360 3357 393 3425 in
414 3350 578 3443 pristinam
600 3345 737 3442 liguram
759 3338 794 3414 δι
817 3342 1007 3415 cornuum
1030 3352 1109 3437 re'pe
1133 3344 1232 3417 erea'
1263 3342 1303 3417 In
1327 3366 1433 3420 vacuo
1452 3347 1543 3421 emm
1565 3347 1673 3421 omnir
1694 3346 1799 3423 elalli.

268 3455 375 3529 citatis
393 3442 847 3543 jadaraanimadverteretur.
1033 3510 1037 3515 ,
1285 3508 1288 3513 ,

268 3570 272 3577 ·
316 3546 476 3639 Sequenti
497 3542 601 3614 modo
621 3537 842 3628 experimenta
864 3534 1041 3609 commode
1064 3540 1258 3631 capiuntur:
1281 3536 1424 3613 EstAB
1445 3543 1632 3632 cylindrus,
1655 3546 1709 3616 cui
1732 3563 1799 3617 tres

232 3640 236 3647 .
266 3647 346 3720 sulci
373 3644 445 3713 sunt
468 3638 584 3725 ineisr,
619 3632 731 3707 affixus
760 3630 806 3702 est
825 3630 885 3707 filo
904 3648 1027 3720 aeneo,
1061 3634 1153 3725 quod
1178 3634 1345 3727 trajesrum
1363 3636 1411 3707 est
1433 3658 1493 3731 per
1510 3639 1671 3732 capsulam
1693 3645 1800 3713 coria·

266 3766 361 3819 ceam
376 3738 432 3825 D,
458 3735 649 3809 infidentem
664 3728 823 3823 operculo
836 3726 928 3816 FG,
953 3748 989 3801 ut
1003 3727 1076 3803 CE
1089 3728 1300 3823 pollirattolli
1318 3728 1502 3825 &deprimi
1518 3756 1581 3826 pro
1599 3736 1723 3822 lubitu,
1741 3739 1797 3807 tri·

266 3846 330 3914 bus
351 3837 444 3908 sulcis
463 3830 602 3904 insident
621 3850 685 3900 nes
707 3826 816 3899 bacilli
837 3826 1028 3919 explorandi
1051 3826 1137 3913 SV,
1160 3826 1267 3926 OQ,
1292 3828 1386 3915 RL,
1409 3828 1488 3903 fune
1509 3836 1674 3905 ambiente
1693 3831 1798 3923 cylin.

270 3936 366 4009 dmm
397 3932 488 4003 firme
519 3928 669 4026 alligati,
700 3942 738 3995 ut
759 3923 938 3997 extrorsum
963 3923 1254 4018 exsilirepollint:
1292 3930 1487 4001 coercentur
1515 3929 1638 4003 annulo
1667 3929 1796 4001 arctiori
1831 3923 1910 3989 Tae.¹

272 4053 367 4109 aeneo
390 4026 526 4115 PNL,
549 4028 603 4098 hic
628 4021 746 4097 tabulae
771 4022 877 4097 antliae
894 4025 1111 4114 pneumatica
1136 4045 1203 4116 ope
1227 4024 1373 4097 cochlare
1396 4022 1431 4097 K
1452 4022 1566 4098 affixus
1589 4026 1663 4102 est:
1695 4004 1894 4163 appa-{llglh1
1925 4090 1930 4103 ,

271 4150 377 4204 ratum
409 4125 511 4195 ambit
539 4124 703 4214 cylindrus
728 4122 848 4193 vitreus
875 4116 1020 4193 FGHI.
1077 4118 1246 4195 Exhausto
1276 4121 1366 4195 Aere
1393 4122 1550 4197 attollitur
1572 4127 1733 4199 manubrii
1755 4124 1796 4203 X
1860 4122 1869 4142 ’
1899 4095 1929 4161 ³*

271 4228 365 4300 filum
389 4220 468 4295 EC
489 4241 616 4293 aeneum
636 4241 711 4291 cum
730 4219 880 4308 cylindro
900 4216 990 4304 AB,
1016 4213 1209 4316 &alligatis
1233 4219 1379 4307 bacillis,
1403 4242 1484 4293 mox
1504 4227 1723 4297 extremimtes
1751 4246 1794 4298 ex

274 4325 382 4399 illiont
410 4341 452 4392 ex
482 4317 604 4391 annulo
633 4320 807 4390 coercente
828 4312 957 4405 PNL,
983 4310 1019 4387 dt
1041 4314 1228 4391 elasticinte
1252 4316 1455 4413 explicantur
1478 4316 1675 4415 informem
1699 4320 1799 4413 AT,

1704 4416 1801 4495 ΒΜ.

315 4549 376 4627 (a)
397 4548 589 4610 Bombrrdier
608 4548 746 4627 Franeolr
769 4563 833 4625 pag·
853 4554 903 4629 38.

316 4630 374 4709 (t)
393 4630 509 4693 uantur
531 4630 609 4695 Ner
629 4624 790 4709 Principia
812 4626 850 4692 of
866 4628 1007 4707 oannem
1027 4628 1107 4709 praa
1118 4642 1185 4712 pag.
1201 4642 1252 4709 44.
1271 4626 1344 4713 cap.
1361 4642 1392 4696 a.
1413 4630 1534 4712 proper
1550 4640 1581 4705 y.
