4282 5962
328 262 451 355 DE
512 251 1432 347 ELECTRICITATE.
1601 291 1679 375 271

158 463 260 533 etiam
284 459 365 534 mihi
390 456 555 529 observare
579 452 743 548 contigit:
774 450 845 523 haec
869 454 1042 542 pernicitas
1073 450 1180 523 Fluidi
1203 475 1272 522 non
1293 453 1339 522 est
1360 456 1482 546 absque
1506 458 1680 550 exemplo,

161 555 255 629 Luce
285 561 320 631 in
346 559 472 628 minuto
505 548 646 622 secundo
672 552 798 620 circiter
827 571 1078 620 rooooooooo.
1101 548 1201 639 pedes
1224 551 1257 618 in
1282 547 1383 640 spatio
1406 551 1522 623 caelesti
1547 578 1680 645 percur-

162 675 266 730 rente.
314 652 445 726 Dubito
476 669 584 721 tamen
610 645 820 719 vehementer
842 668 884 716 an
901 647 1015 718 eadem
1042 645 1169 737 semper
1196 646 1234 715 fit
1258 644 1471 717 electricibus
1490 655 1660 737 pernicitas
1668 706 1685 743 ,.

161 774 240 828 cum
265 754 356 826 variis
373 748 489 834 annis,
510 744 596 818 caelo
624 742 824 815 eleslriciteti
846 745 953 815 minus
968 742 1096 815 favente
1113 795 1126 828 ‚
1150 741 1357 838 languentem
1373 740 1441 832 ejus
1457 744 1581 815 cursum
1604 771 1681 823 curn

159 871 254 929 mora
284 849 438 938 temporis
472 866 494 916 2
527 842 578 914 vel
616 859 636 931 3
666 839 881 913 secundorum
909 839 1118 933 conjunnum
1140 839 1382 913 observaverim.
1434 839 1609 913 Observata
1634 846 1682 919 est

159 950 258 1022 etiam
283 944 471 1016 eletbricitas
500 939 626 1010 felicius
655 936 844 1028 percurrisse
877 936 967 1009 filum
992 938 1190 1010 metallicum
1214 940 1366 1024 redium,
1391 959 1489 1028 quam
1514 959 1680 1028 catenam,

159 1040 347 1133 exploilone
363 1039 506 1111 scintillae
523 1034 756 1108 vehementiori
771 1038 805 1107 in
822 1033 887 1106 fine
909 1033 976 1119 fili,
991 1057 1089 1126 quam
1102 1038 1136 1107 in
1160 1034 1224 1105 fine
1245 1053 1378 1106 catenae.
1430 1034 1500 1107 Pari
1520 1039 1617 1126 pacio
1633 1043 1685 1113 vie

159 1138 343 1212 Tunnaiini
366 1137 522 1228 percurrit
548 1131 639 1204 iilum
666 1129 831 1219 ferreum,
862 1134 896 1203 in
919 1133 1033 1205 medio
1049 1131 1231 1224 suspensum
1252 1151 1294 1201 ex
1316 1130 1436 1203 bacillo
1457 1152 1540 1205 cerae
1567 1133 1683 1231 figilln

160 1239 220 1326 ris,
247 1235 302 1308 vel
319 1231 431 1326 jacens
453 1230 549 1326 super
571 1226 702 1311 duobus
723 1227 876 1319 cylindris
897 1231 1020 1303 vitreis.

207 1389 240 1486 b.
266 1371 502 1459 DCCCLlll.
527 1377 651 1454 Omnia
669 1373 745 1448 lraec
765 1376 939 1458 evincunt,
959 1373 1085 1446 effluvia
1110 1373 1260 1443 elesitice
1281 1391 1353 1443 non·
1370 1371 1475 1444 modo
1497 1370 1562 1442 eise
1587 1370 1683 1444 subti-

158 1487 299 1570 bisrma,
330 1481 385 1553 sed
416 1482 558 1580 agillime
586 1472 808 1558 admotum,
841 1471 981 1563 proinde
1011 1468 1200 1542 fluicbffima.
1251 1478 1300 1539 ιο.
1327 1466 1454 1564 Magna
1479 1472 1510 1540 vi
1532 1470 1573 1538 ab
1600 1469 1684 1541 idio·

161 1584 320 1660 electricis
352 1600 490 1675 aguntur
522 1573 558 1648 dt
587 1568 842 1663 propelluntur,
873 1572 1067 1662 ceteroquin
1091 1585 1179 1638 tanta
1204 1563 1373 1657 rapiditate
1392 1585 1585 1656 procurrere
1614 1586 1684 1641 non

88 1724 97 1746 ·
161 1679 337 1788 potuiiient
357 1678 390 1748 in
413 1671 619 1773 longitudine
647 1667 777 1758 12276.
801 1664 940 1759 pedum.

207 1830 241 1929 ς.
266 1826 522 1905 DCCCLXIl.
563 1821 698 1915 Rapido
725 1820 791 1893 hoc
812 1819 926 1893 volatu
940 1821 1077 1915 cognito
1096 1817 1234 1914 intelligi
1255 1817 1392 1910 potest,
1425 1823 1638 1912 quamobrem
1662 1818 1688 1895 li

158 1928 285 2002 effluvie
307 1928 457 1999 elesirica
475 1923 597 1994 fuerint
618 1921 736 1990 minori
757 1917 854 2008 capii
880 1917 1022 1987 suscitata
1042 1919 1077 1987 in
1098 1917 1350 1999 idiodletlrico,
1383 1912 1418 1987 ἃ
1441 1923 1686 1992 communicen·

160 2045 213 2099 mr
246 2045 324 2095 cum
364 2040 505 2110 corpore
538 2039 609 2089 non
639 2015 826 2098 erroneo,
855 2035 918 2085 nec
950 2015 1133 2104 intercepto
1164 2011 1206 2083 ab
1229 2013 1450 2084 idioeleclrico
1471 2036 1510 2084 ea
1533 2015 1686 2103 sistente,

159 2118 328 2209 externplo
356 2117 578 2211 dispergantur
613 2133 673 2203 per
704 2114 816 2182 omnia
847 2112 952 2181 uicina
976 2131 1143 2198 corpora,
1175 2106 1259 2179 adeo
1295 2133 1333 2180 ur
1361 2109 1687 2202 symperielesiricum

160 2217 250 2292 nulla
271 2213 390 2284 indicia
414 2209 624 2294 allesiioois,
658 2207 877 2298 repulsoris,
908 2205 961 2275 vel
988 2204 1202 2276 eletbricitatis
1227 2206 1407 2290 exhibeat,
1440 2208 1517 2278 ideo
1544 2228 1685 2298 corpora

161 2318 349 2400 circaque
381 2305 629 2379 elestricitatem
659 2304 888 2391 perdurantem
917 2297 954 2369 be
983 2300 1191 2389 conspicuam
1225 2303 1483 2372 circumfundere
1507 2304 1686 2391 volumus,

163 2409 363 2500 imponimus
381 2404 502 2483 serico,
527 2401 633 2482 vitro,
657 2398 751 2486 pici,
776 2394 940 2483 sulphuri,
966 2393 1198 2482 colophoniae,
1223 2416 1325 2479 cerae,
1350 2416 1405 2465 aut
1420 2417 1502 2468 cerae
1520 2399 1597 2468 fusae
1610 2421 1688 2470 cunt

162 2501 388 2594 colophonia,
413 2519 490 2590 quae
511 2494 583 2566 sunt
601 2489 758 2587 generosa
779 2487 1017 2562 idiffilebbica:
1041 2488 1128 2554 hisce
1146 2504 1287 2574 corpora
1307 2491 1454 2576 imposita
1478 2495 1619 2562 evadunt
1636 2494 1687 2563 so·

161 2605 284 2684 ptaria,
310 2593 346 2667 δι
368 2586 609 2668 elediricitate'm
624 2578 852 2655 circumeam
870 2578 1007 2650 servant.
1054 2578 1089 2650 Si
1110 2599 1216 2651 tamen
1242 2576 1368 2651 effluvia
1391 2582 1539 2654 eleeirica
1568 2586 1691 2659 fuerint

161 2698 275 2789 majori
295 2690 397 2782 copie
419 2684 558 2758 collesia
579 2684 614 2752 in
632 2676 857 2749 idioelesidco
873 2673 1062 2770 generoso,
1087 2696 1155 2747 non
1179 2694 1244 2747 tam
1267 2677 1335 2744 cito
1359 2676 1616 2767 abripiuntur&
1638 2680 1688 2751 di·

162 2796 381 2886 sperguntur,
410 2784 490 2874 quin
516 2773 869 2869 tynpeneleeutcum
902 2769 979 2841 licet
999 2790 1070 2841 non
1090 2768 1288 2854 solitarium,
1313 2771 1376 2841 stre
1395 2775 1429 2842 in
1454 2770 1688 2850 idioeleetneio

160 2889 329 2984 positum,
360 2875 528 2953 manifeste
559 2870 679 2944 indicia·
702 2867 917 2938 eleetnciatis
941 2864 1112 2937 exhibeat:
1135 2869 1184 2937 uti
1206 2868 1315 2938 videre
1336 2865 1408 2953 est,
1442 2869 1575 2958 quando
1609 2893 1689 2945 cum

158 2980 353 3076 amplissimo
373 2974 476 3074 globo
497 2974 605 3043 uitreo
615 2962 804 3066 tempestate
823 2961 932 3035 sereni
945 2956 983 3032 dc
1004 2960 1168 3034 iicciffiml
1191 2961 1404 3035 elesincitads
1421 2986 1539 3061 magna
1552 2968 1600 3038 vis
1620 2970 1688 3042 sue·

158 3087 302 3258 ἱῑιζιιιι,
335 3094 392 3147 aut
421 3068 553 3164 quando
585 3069 621 3138 in
654 3059 762 3156 phiale
794 3080 873 3132 cum
901 3057 994 3152 aque
1028 3057 1225 3158 conigium
1264 3061 1312 3132 uti
1342 3059 1458 3133 clarius
1492 3063 1574 3136 inira
1604 3076 1688 3140 eou-

186 3202 204 3251 a
228 3197 267 3249 rt.
336 3236 342 3249 .

210 3277 245 3348 Si
268 3252 376 3342 auteln
399 3285 519 3358 corpus
543 3280 612 3335 ntur
636 3256 824 3329 electricum
844 3253 1035 3327 terminetur
1054 3252 1098 3324 ab
1123 3252 1375 3343 idioeleetnco,
1401 3255 1690 3351 qualibetcunque

159 3375 228 3447 sere
254 3366 443 3441 eleebicias
472 3360 650 3432 circaeon
677 3352 864 3425 electricum
888 3347 1078 3422 circumiirsa
1101 3348 1299 3440 aliquamdiu
1320 3351 1466 3445 perilat,
1498 3373 1622 3426 retenta
1645 3355 1689 3428 ab

160 3465 413 3547 idioeleebico,
445 3453 652 3546 &operatur
675 3469 741 3521 tam
768 3447 942 3519 alliciendo
962 3467 1060 3535 quam
1083 3447 1305 3538 repellendo,
1330 3470 1386 3521 aut
1406 3452 1523 3545 igneos
1544 3454 1698 3543 crepitue

156 3558 456 3641 communicando,
476 3553 522 3625 uti
539 3567 628 3641 patet
642 3549 676 3617 in
689 3543 876 3615 honenibto
899 3541 1106 3614 eleeeieirate
1130 3542 1284 3633 perfusis,
1308 3540 1346 3616 de
1370 3545 1525 3618 stantibus
1547 3551 1585 3620 in¹
1607 3546 1683 3621 seri.

156 3687 225 3749 co,
249 3663 346 3753 pice,
369 3652 422 3727 vel
442 3646 655 3740 colophonia.
1349 3700 1352 3707 .

209 3818 245 3919 §.
265 3802 538 3889 DCCCLXlli.
561 3798 674 3872 Potest
697 3797 887 3870 eieebriciers
909 3792 994 3867 ultra
1015 3794 1143 3868 solitam
1162 3792 1433 3887 amplitudinem,
1458 3798 1523 3890 qui
1545 3818 1690 3890 corpore

160 3922 290 4000 ambit,
314 3911 410 3982 etiarn
431 3902 632 3991 aliquantum
653 3895 752 3982 elici,
777 3895 799 3964 fi
826 3913 975 3985 corpus,
997 3894 1032 3965 in
1052 3893 1146 3983 quod
1168 3890 1357 3965 eledlricitas
1381 3893 1414 3966 se
1436 3896 1604 3982 insundit,
1630 3914 1689 3987 pe·

162 4006 431 4088 detentimlento
450 4018 543 4070 motu
567 3994 610 4066 rb
631 3991 786 4064 electrico
810 3989 853 4062 ad
870 3987 1025 4082 mojorem
1049 3987 1230 4088 distantiam
1255 4010 1490 4079 removeatur,
1512 3993 1603 4084 qnod
1626 3990 1690 4065 cl.

164 4109 356 4207 jailabertus
376 4097 524 4190 probavit
541 4096 576 4164 in
599 4091 681 4162 tubo
704 4089 956 4176 barometrico,
983 4089 1017 4157 in
1050 4084 1143 4176 cujus
1169 4106 1294 4176 partem
1316 4110 1451 4160 vacuam
1474 4091 1688 4178 cietur-ciras,
1755 4084 1760 4091 ’

162 4204 310 4282 canalem
349 4197 488 4267 ferreum
517 4186 774 4275 circumfluens,
815 4185 847 4257 se
875 4206 944 4256 non
976 4182 1119 4257 iufundit
1154 4183 1196 4257 ad
1231 4178 1433 4260 intervallum'
1465 4209 1606 4281 quatuor
1636 4185 1689 4262 vei

166 4309 313 4397 quinque
347 4292 495 4387 pedum,
524 4307 636 4360 verum
661 4287 695 4356 in
726 4285 946 4355 barometrum
969 4303 1038 4355 non
1064 4279 1147 4353 ultra
1173 4283 1258 4355 duos
1281 4303 1384 4375 necve
1407 4286 1546 4378 pollices
1571 4284 1690 4358 distm,

163 4403 224 4476 iux
246 4395 395 4472 elestrica
424 4384 556 4463 corusce
574 4380 703 4459 influit:
734 4382 816 4459 tubo
841 4379 932 4456 lente
952 4382 1057 4481 megia
1077 4381 1246 4479 magisque
1268 4400 1288 4455 e
1314 4382 1426 4461 caude
1450 4381 1559 4461 ferreo
1583 4401 1691 4557 ιειιὲο-

677 4572 682 4581 .
1668 4520 1686 4564 0
