4282 5962
266 820 283 987 ]
425 796 711 999 ennon
778 794 1204 946 oneratum
1268 790 1669 969 sarnum.
1772 800 1776 805 ’

313 1150 317 1157 ·
364 1120 432 1215 De
469 1060 637 1235 Corpore
674 1082 825 1237 Dura,
862 1116 1049 1230 Fragili,
1086 1119 1238 1225 ΜοΙΙί,
1276 1056 1507 1233 iicxibili,
1523 1122 1704 1234 Elaflica
1781 1190 1784 1197 ,

266 1478 276 1491 ·
308 1451 346 1553 ᾗ.
369 1446 604 1526 Dccxiix.
630 1458 768 1619 (palpas
788 1448 910 1524 durum
927 1447 1231 1620 mrfnsolemffit’t
1253 1448 1388 1618 (¹2⁰3ss
1411 1446 1513 1615 caui}
1529 1467 1723 1563 quacunque
1746 1454 1803 1565 ue·-

264 1668 342 1725 tum
360 1647 530 1722 introrsum
545 1645 697 1732 ‘cenem
720 1567 1248 1737 ἶῖἶᾝᾱεὲῗὲιιωῦἓῖωἶιιιεῖ
1263 1564 1649 1738 ῗιῑῖειιῑῗηῖῗηζιέωῖινῖ
1665 1566 1807 1733 ¹313thss

270 1767 345 1835 tes,
376 1745 516 1838 proinde
542 1745 596 1815 vix
616 1762 757 1814 mutatur
779 1741 894 1839 ligari.
944 1740 1117 1857 Ejtusmodi
1139 1739 1211 1811 sunt
1233 1739 1374 1834 piurima
1399 1758 1570 1832 corpora,
1599 1740 1648 1857 uti
1673 1734 1803 1836 Ligna,

269 1840 367 1931 om,
391 1838 553 1926 Metalla,
577 1837 733 1937 Lapides.

275 1966 281 1975 '
318 1965 352 2065 ᾗ.
376 1960 525 2036 DCCL.
550 1962 745 2130 Cofi'porum
778 1962 936 2037 duromm
967 1981 1076 2056 partes
1098 1964 1199 2061 igitur
1221 1964 1275 2036 uix
1299 1964 1335 2036 in
1359 1976 1485 2035 meatus
1508 1960 1572 2064 fine
1597 1982 1700 2056 poros
1723 1940 1810 2054 adja-

272 2082 390 2135 centes
414 2059 542 2155 ingredi
564 2079 587 2151 p
636 2080 714 2133 unt:
739 2060 785 2133 ob
808 2062 950 2155 partium
971 2058 1156 2132 callorum
1180 2059 1460 2157 magnitudinem,
1485 2083 1560 2153 qua
1585 2081 1688 2153 poros
1713 2080 1812 2133 exce·

273 2161 342 2245 dit,
366 2156 420 2231 vei
437 2154 664 2248 quodpartes,
690 2176 765 2248 quae
787 2176 926 2257 tangunt
946 2144 1024 2230 ‘alias
1046 2154 1252 2247 adjacentes,
1276 2154 1362 2229 adeo
1386 2156 1479 2229 firme
1504 2157 1753 2245 cohaerescunt,
1777 2174 1815 2228 ut
1970 2242 1984 2253 ι

272 2261 328 2330 vix
356 2254 493 2345 separari
520 2247 556 2321 bt
586 2272 712 2323 meatus
736 2254 862 2324 vicinos
889 2252 1019 2347 ingredi
1037 2251 1180 2341 poffint:
1214 2253 1340 2322 firmam
1365 2252 1648 2324 cohaerescentiam
1675 2258 1815 2345 partium

274 2352 339 2468 elie
369 2350 557 2442 probatur,
591 2348 669 2436 quia
695 2346 814 2417 durum
838 2364 960 2437 corpus
987 2345 1110 2461 etiamst
1129 2347 1249 2443 magna
1272 2349 1305 2419 vi
1331 2348 1497 2434 troilum,
1533 2347 1706 2421 difficulter
1729 2349 1816 2425 fran-

311 2468 372 2520 tur.

273 2470 356 2677 εις.
381 2534 547 2654 mecm.
574 2581 699 2673 Carpus
711 2574 854 2672 perfecie
874 2574 995 2648 duram
1018 2594 1200 2661 nummus,
1217 2550 1317 2667 ¹cnjm
1339 2591 1450 2668 parter
1473 2578 1506 2647 vi
1530 2594 1699 2668 utcunque
1722 2596 1815 2674 mag·

275 2672 320 2777 pl
338 2675 528 2771 comprciiae
552 2694 616 2749 trec
637 2672 788 2758 cedunt,
826 2690 891 2743 nec
914 2670 1141 2745 divelluntutr
1174 2671 1268 2762 quod
1291 2691 1415 2765 corpur
1438 2671 1580 2764 proinde
1603 2674 1814 2748 immutabilis
1931 2694 1935 2705 ·

274 2779 322 2855 est
343 2778 455 2872 ligura
480 2769 517 2844 ἃ
535 2769 780 2871 magnitudinis.
810 2764 1030 2843 .Hu‘usmodi
1051 2786 1193 2865 corpora¹
1217 2787 1363 2863 magna,
1397 2764 1684 2865 &Uquaemeiari
1707 2791 1727 2842 a
1751 2792 1812 2845 no·

274 2876 325 2953 bis
349 2871 502 2967 poliunt,
527 2890 597 2941 non
621 2869 773 2939 novimus
796 2866 830 2937 in
894 2863 1048 2938 niverso:
1073 2884 1280 2957 quaecunque
1305 2867 1402 2940 obvia
1426 2862 1559 2959 ponunt
1582 2870 1704 2953 atteri,
1729 2888 1812 2941 con·

276 2971 369 3051 tundi
384 2973 424 3043 -in
446 2986 575 3060 partes,
597 2963 724 3062 frangi,
747 2980 804 3035 aut
822 2960 926 3055 prelia
948 2961 1061 3057 figuram
1081 2963 1296 3032 mutationem
1320 2962 1481 3053 subeunt,
1505 2984 1549 3051 ne
1573 2965 1705 3057 quidem
1722 2964 1813 3037 Ada-

276 3087 414 3153 mante,
441 3064 625 3148 Gemma,
648 3058 829 3146 silicibus,
852 3057 1060 3150 lapidibus,
1084 3054 1260 3145 Metallis,
1292 3056 1403 3132 aliisve
1426 3061 1623 3155 camoribus
1646 3064 1810 3153 exceptis:
1947 3068 1953 3099 ⁴

276 3158 353 3251 ianm
381 3164 492 3237 omnnia
521 3152 766 3261 corporasunt
785 3137 885 3229 ‘vaide
931 3153 1050 3245 ,rosa,
1088 3146 1132 3247 &j
1146 3153 1225 3247 ideo
1248 3173 1357 3249 partes
1380 3178 1451 3251 non
1474 3161 1612 3251 omnino
1636 3178 1812 3255 tanguntur

276 3264 312 3336 in
332 3252 508 3333 rotundum
528 3243 570 3327 ab
595 3244 666 3324 alii's
679 3249 887 3343 partibus,s
940 3258 1065 3321 tantum
1082 3246 1160 3321 hinc
1184 3242 1281 3336 inde,
1306 3250 1384 3324 dum
1402 3252 1457 3347 ¹ob
1472 3271 1598 3341 meatus
1610 3257 1812 3347 interceptos
1869 3252 1872 3259 '

277 3363 319 3453 ab
345 3358 413 3429 aliis
439 3353 584 3449 partibus
612 3348 752 3421 distant:
786 3367 970 3439 praeterea,
1001 3368 1076 3437 quae
1104 3345 1137 3417 sc
1164 3367 1301 3445 tangunt
1325 3371 1460 3442 partes,
1491 3354 1651 3426 removeri
1674 3352 1725 3424 vel
1750 3351 1810 3423 aii-

278 3475 467 3553 quantum,
495 3448 549 3522 vel
573 3446 713 3519 omnino
733 3442 897 3537 poliunt,
928 3445 978 3515 uti
1011 3464 1220 3515 removentur
1245 3445 1285 3515 ab
1311 3448 1388 3542 igne
1413 3450 1447 3519 in
1472 3448 1598 3521 meatus
1622 3450 1809 3540 irrepente,

277 3552 438 3629 nonnulla
457 3565 598 3641 corpora
625 3539 804 3627 fundente,
829 3539 892 3611 alia
911 3558 1037 3613 tantum
1060 3538 1286 3612 rareftciente:
1312 3543 1347 3613 Si
1372 3563 1481 3614 autem
1505 3546 1611 3617 moles
1635 3547 1732 3638 plane
1758 3544 1810 3618 so·

277 3651 373 3737 lidae,
398 3656 606 3739 nequiquam
624 3637 757 3731 ‚potosae
774 3636 904 3722 forent,
929 3636 1104 3735 comprimi
1129 3657 1199 3708 non
1223 3636 1377 3726 pollent,
1403 3634 1438 3709 ἃ
1462 3639 1524 3713 huc
1548 3644 1674 3715 ratione
1698 3640 1809 3715 forent

278 3748 422 3843 perfeile
449 3743 551 3814 durae.
599 3736 775 3819 Elementa
797 3735 942 3822 ultima,
975 3730 1144 3826 quaesunt
1167 3752 1281 3824 partes·
1299 3736 1469 3825 minimae,
1502 3740 1537 3808 in
1562 3761 1642 3830 quas
1666 3760 1809 3831 corpora

279 3844 395 3916 resolvi
415 3838 568 3934 poliunt,
593 3835 745 3909 videntur
763 3831 917 3907 duritiem
941 3828 1118 3929 perfectam
1141 3829 1321 3923 polidere,
1345 3854 1423 3905 cum
1449 3854 1469 3906 a
1491 3832 1590 3907 nullis
1612 3836 1735 3909 viribus
1751 3856 1808 3907 na·

283 3940 362 4011 turae
383 3940 517 4010 maenus
534 3937 742 4008 dirimantur:
768 3950 840 4003 tum
862 3930 941 4024 quia
961 3927 1034 4001 sunt
1057 3927 1345 4021 impenetrabilia,
1368 3928 1468 4024 plane
1492 3930 1615 4019 denia,
1642 3929 1679 4006 δι
1703 3935 1808 4007 unita·

284 4056 352 4108 tes:
376 4034 461 4106 adeo
480 4052 518 4106 ut
538 4034 650 4106 omniu
680 4050 821 4123 corpora
842 4048 981 4126 magna,
1005 4048 1082 4119 que
1105 4046 1147 4099 ex
1169 4024 1348 4105 elementis·
1363 4048 1637 4121 componuntur,
1660 4030 1810 4104 constent

282 4155 327 4207 ex
351 4131 497 4226 partibus
527 4133 664 4204 omnino
689 4127 809 4217 duris,
842 4123 964 4201 etiamii
988 4125 1056 4218 ipsa
1083 4142 1220 4219 propter
1240 4126 1440 4219 interceptos
1463 4128 1549 4200 inter
1572 4150 1680 4223 partos
1703 4151 1809 4223 poros

285 4228 434 4306 &fitam
455 4250 523 4301 non
540 4229 600 4300 fint
620 4224 762 4320 perfecte
785 4224 875 4299 dum.
927 4221 1014 4319 Quo
1043 4224 1141 4322 igitur
1164 4225 1364 4315 pauciores,
1398 4225 1551 4298 exiliores
1573 4228 1610 4302 in
1633 4227 1723 4302 mole
1747 4228 1809 4301 lint

285 4334 390 4423 poti,
423 4334 492 4419 quo
512 4346 620 4418 partes
643 4322 817 4416 perfectius
839 4342 977 4420 tangunt
994 4341 1128 4415 partes,
1160 4320 1223 4394 stve
1248 4324 1282 4394 in
1307 4320 1486 4415 pluribus,
1517 4324 1581 4399 live
1605 4326 1806 4422 planioribus

287 4427 399 4514 iocis,
430 4445 474 4498 eo
495 4421 601 4498 moles
626 4423 687 4495 erit
705 4420 846 4511 durior,
879 4420 934 4495 sed
963 4416 999 4495 ἃ
1023 4419 1272 4589 ὴοεὶςῗηιρειίι
1296 4424 1490 4519 corporibus
1513 4422 1805 4585 ponderoiiffimdis,

1085 4584 1090 4593 .
1132 4583 1135 4594 .
1178 4540 1220 4592 2·
1428 4572 1432 4579 .
1728 4538 1740 4587 1
1762 4535 1806 4586 eo
1882 4554 1885 4558 ·
