4282 5962
405 276 1786 396 nnrfflacuss1omntp

262 478 336 550 riti
358 475 477 572 figulus
500 475 582 548 ollas
600 474 737 547 sonnat:
762 475 785 547 st
807 475 917 547 durior
938 477 995 562 fit,
1021 500 1089 549 non
1109 478 1212 559 valet,
1238 481 1314 569 quia
1340 497 1408 548 tum
1424 479 1527 549 induit
1542 478 1684 570 speciem
1702 480 1782 552 elas-

266 578 423 658 ticinis,
455 594 517 644 nec
543 591 648 665 partes
671 573 851 670 argillaceae
884 575 969 645 bene
993 577 1033 645 ab
1056 576 1256 666 interstitiis,
1292 577 1466 665 inquibus
1491 575 1536 659 eii
1559 578 1676 665 Aque,
1702 580 1784 648 reci·

264 676 418 764 piuntur:
449 668 575 760 prestat
600 669 732 741 mollior
758 692 857 760 quam
879 692 953 761 quae
980 672 1091 742 durior
1114 670 1221 742 soret:
1246 672 1376 767 argilla,
1401 693 1442 742 ex
1470 691 1534 760 qua
1557 671 1669 741 fistulae
1694 674 1782 743 taba·
1935 741 1937 746 .

261 773 356 884 cariae
381 766 462 839 fiunt
475 815 488 857 ,
512 767 712 860 aliquantum
732 767 777 837 est
797 766 948 854 mastica,
973 791 1035 841 nec
1058 768 1168 856 valet,
1194 766 1278 840 sorte
1299 791 1365 861 prae
1394 767 1564 840 subtilitate
1589 769 1687 838 nimia
1709 790 1783 859 pat·

262 886 354 1035 aug
377 964 606 1053 experimentis
637 966 759 1036 utimur
784 980 925 1056 corpore
953 962 1036 1036 duro
1058 967 1092 1036 in
1122 983 1245 1034 conum
1277 963 1440 1035 definente
1453 992 1474 1047 ‚¹
1489 962 1579 1056 q'uod
1604 961 1784 1034 demittitur

264 1063 299 1135 ia
320 1058 455 1133 altemtn
480 1082 628 1152 corpus,
651 1059 744 1133 molli
764 1061 875 1155 argilla
904 1062 1094 1152 implemm‚
1121 1056 1157 1130 &
1177 1060 1269 1149 quod
1288 1061 1503 1153 ponderosius
1525 1081 1588 1153 pro
1604 1059 1709 1131 lubitu
1728 1056 1796 1150 fieq'

267 1160 294 1233 ti
314 1157 437 1250 potest:
462 1155 581 1252 figuras
596 1156 745 1229 exhibuit
761 1156 820 1230 Cl.
839 1155 1104 1232 s’vaesandius
1118 1156 1152 1250 ·(
1188 1160 1216 1245 ).

310 1269 341 1364 s.
366 1267 684 1342 DCCLXXXVII.
707 1270 747 1341 Si
762 1286 883 1361 corpus
910 1271 943 1343 A
971 1275 1004 1342 in
1028 1292 1151 1361 corpus
1175 1270 1275 1341 molle
1301 1271 1329 1342 B
1355 1272 1480 1364 aequale
1505 1268 1540 1342 dt
1565 1271 1709 1359 quietum
1735 1275 1785 1344 in·
1816 1362 1819 1366 λ

265 1367 399 1452 cidem,
424 1367 497 1459 post
519 1367 754 1458 percussionem
776 1367 809 1439 A
839 1363 874 1438 ἃ
898 1366 927 1437 Β
950 1369 1150 1461 conjunctim
1174 1370 1391 1440 movebuntur
1414 1370 1587 1442 velocitate
1612 1366 1713 1457 duplo
1730 1373 1790 1439 mi·

267 1468 362 1550 nori,
387 1485 484 1554 quam
508 1486 573 1555 qua
594 1465 628 1537 A
648 1464 820 1537 inciderat:
847 1468 1062 1556 quamobrem
1084 1464 1216 1535 dimidia
1241 1469 1401 1556 quantitas
1425 1469 1539 1539 virium
1563 1464 1687 1553 periit,
1718 1487 1807 1555 quae..

266 1559 522 1657 consumta-suit}
536 1564 569 1632 in
586 1563 764 1633 mutatione
780 1559 909 1656 sigurae:
935 1563 969 1634 Si
994 1561 1038 1633 V.
1056 1584 1105 1657 gr.
1131 1563 1164 1633 A
1191 1565 1363 1657 impegerit
1387 1562 1415 1634 B
1440 1563 1627 1636 veiocitate·
1642 1580 1695 1630 10.
1720 1584 1794 1657 gra·

268 1658 392 1745 duum,
415 1658 515 1729 babet
533 1661 615 1731 vitea
640 1680 738 1742 100,
762 1657 836 1750 post
856 1657 1092 1750 percumonem
1115 1658 1269 1730 velocitas
1293 1661 1459 1750 utriusque
1484 1657 1589 1728 massae
1614 1656 1661 1725 est
1686 1676 1720 1748 5.
1746 1680 1798 1754 gr.

267 1776 349 1851 ergo
372 1758 453 1829 uires
474 1757 508 1827 itt
531 1754 680 1845 quolibet
699 1776 842 1846 corpore
859 1755 1002 1828 seorsum
1021 1755 1095 1827 sunt
1122 1773 1195 1846 25,
1229 1752 1265 1825 &
1290 1755 1412 1827 summa
1435 1759 1602 1828 ambamm
1628 1771 1701 1844 50:
1735 1775 1800 1844 pce

264 1856 493 2021 geruntfergo
511 1854 599 1945 vites¹
615 1870 690 1945 50,
714 1873 791 1947 quae
813 1856 1050 1929 inmutatione
1069 1852 1204 1949 figura,
1228 1852 1374 1946 quaeest
1399 1859 1517 1928 cavitas
1541 1851 1657 1922 conica
1675 1900 1687 1937 ‚
1711 1856 1802 1939 con-j*

300 1970 374 2021 mtae
415 1970 482 2023 unt.

273 2118 279 2127 ,
314 2045 546 2138 Quamobrem
574 2068 696 2139 corpus
722 2049 756 2119 A
784 2050 827 2120 ita
859 2068 1011 2140 operatur
1042 2050 1075 2119 in
1108 2049 1166 2135 B,
1196 2069 1232 2122 ut
1262 2050 1336 2143 post
1369 2053 1606 2144 percusiionetn
1636 2046 1802 2121 velocitas

264 2145 434 2231 utriusque
458 2142 495 2214 sit
516 2143 670 2228 dimidia,
695 2167 759 2235 qua
782 2146 817 2219 A
847 2145 1059 2218 incurrebat?
1094 2148 1169 2236 quia
1187 2148 1222 2217 A
1246 2149 1345 2221 debet
1368 2172 1502 2223 movere
1527 2151 1555 2221 B
1580 2149 1708 2219 actione
1731 2148 1795 2216 mi·

266 2242 372 2315 nima:
397 2259 489 2328 quae,
514 2239 537 2309 st
561 2239 717 2312 velocitas
740 2244 888 2332 corporis
913 2241 1044 2331 impasti
1066 2242 1202 2329 fitza,
1227 2240 1263 2313 δι
1282 2245 1356 2335 post
1370 2249 1708 2335 percussionem2'x,
1733 2245 1798 2330 erit

266 2420 327 2508 per
349 2419 389 2469 ca
412 2418 488 2488 qaae
513 2413 608 2466 antea
624 2399 660 2467 in
682 2393 713 2491 Β.
728 2397 815 2488 784.
839 2395 1148 2484 demonstravimus,
1174 2341 1622 2536 κεῆ-ἒζ-Αέῗὲ-
1637 2426 1678 2485 ;
1714 2456 1723 2474 .
1796 2492 1801 2505 Ι

274 2599 285 2609 ’“
315 2589 347 2689 §-
370 2581 706 2661 -DCCLXXXVIIL
733 2583 1005 2681 Quotiescunque
1036 2584 1202 2656 velocitas·
1221 2576 1402 2672 respectiva
1425 2584 1595 2656 ambomm
1620 2603 1799 2677 corpomm
1879 2631 1881 2635 -

268 2688 305 2764 A
329 2685 364 2758 &
395 2687 424 2756 B
450 2682 642 2775 aequalium,
670 2676 705 2749 dt
730 2681 762 2749 se
791 2678 1041 2770 percutientium
1062 2681 1109 2749 est
1132 2681 1267 2762 eadem,
1293 2676 1339 2745 est
1363 2679 1664 2775 mutatio-figurae,
1691 2677 1726 2750 dt
1749 2684 1800 2752 via

269 2784 426 2856 destructa
449 2779 581 2848 eadem:
606 2777 641 2847 Si
663 2778 749 2846 enim
773 2776 872 2845 ambo
893 2778 1054 2846 contraria
1078 2776 1257 2846 directione
1280 2777 1314 2843 in
1341 2771 1372 2841 se
1396 2772 1587 2862 inciderint,
1615 2779 1649 2848 A
1674 2776 1799 2849 veloci·

265 2899 331 2952 tate
363 2897 397 2970 5.
427 2877 455 2946 B
479 2872 653 2966 velocitate
673 2890 706 2963 5.
738 2870 830 2966 grad
853 2870 899 2941 est
929 2871 1085 2942 velocitas
1112 2871 1399 2963 respectivatro.
1425 2874 1472 2942 uti
1498 2873 1532 2943 in
1556 2869 1586 2968 ἦ.
1609 2875 1692 2966 787.
1721 2895 1800 2965 per.

265 2979 337 3049 atta
359 2968 561 3065 percussione
586 2971 686 3040 ambo
707 2968 905 3058 quiescent,
937 2968 1059 3039 vitibus
1082 2987 1139 3060 ος.
1165 2971 1199 3040 in
1222 2966 1385 3039 ambobus
1409 2968 1605 3060 corporibus
1628 2969 1796 3042 destruetis

265 3095 330 3167 pro
350 3072 530 3142 mutatione
552 3064 666 3161 iigurae
679 3078 699 3152 ‚'
730 3084 804 3156 quae
829 3063 967 3135 mutatio
993 3063 1041 3134 est
1065 3062 1198 3156 aequalis
1221 3060 1443 3155 praecedenti:
1477 3065 1514 3136 ld
1538 3066 1581 3134 ita
1607 3063 1801 3139 medones

266 3173 345 3253 bat,
369 3167 445 3256 quia
469 3165 556 3234 adio
577 3184 756 3255 corporum
777 3161 863 3232 inse
886 3163 1090 3250 operantium
1114 3160 1160 3232 est
1185 3163 1335 3232 minima:
1362 3161 1397 3232 Si
1421 3161 1519 3256 igitur
1542 3161 1697 3234 velocitas
1722 3186 1801 3236 cor·

269 3270 361 3361 poris
385 3264 420 3336 A
449 3262 573 3338 fitza.
592 3256 635 3331 'bt
661 3262 811 3351 corporis
837 3257 951 3331 sz.
980 3254 1062 3331 &x
1084 3256 1241 3353 superstes
1264 3257 1420 3332 velocitas
1441 3258 1517 3351 post
1540 3258 1798 3352 percussionem,

270 3391 281 3448 '.
535 3355 773 3444 Ath-Bb-¹
875 3421 883 3437 ,
1058 3431 1100 3446 -
1409 3406 1413 3411 -

269 3444 430 3502 tavenrtut
452 3435 527 3497 x:
542 3445 806 3548 WA.
828 3441 905 3512 quta
925 3417 987 3493 Aa
1006 3417 1177 3495 est..Bb.

270 3606 273 3611 ’
317 3604 350 3702 §-
374 3594 680 3674 Decnxxxlib
704 3595 740 3667 Si
763 3597 796 3668 A
818 3595 989 3668 velocitate
1017 3597 1054 3669 6.
1081 3598 1258 3693 graduum,
1280 3598 1311 3669 B
1336 3599 1508 3673 velocitate
1533 3624 1567 3691 4.
1583 3624 1632 3698 gr.
1648 3598 1798 3674 directio,

270 3725 314 3778 ne
343 3695 473 3772 adversa
502 3692 645 3765 deiamm
671 3690 792 3778 fuerit3
829 3694 890 3764 erit
920 3695 1037 3764 iterum
1061 3694 1215 3765 velocitas
1247 3693 1470 3785 respectiva:
1486 3719 1538 3768 ιο.
1565 3695 1601 3769 &
1626 3699 1700 3791 post
1723 3718 1800 3798 pct5

269 3797 448 3887 ¹cusiionem
475 3790 590 3863 eadem
615 3789 728 3886 figurae
753 3794 890 3863 mutatio
907 3811 959 3862 -ac
982 3810 1068 3861 ante.
1118 3786 1156 3862 Si
1176 3791 1210 3861 A
1234 3789 1354 3863 seratur
1378 3792 1602 3864 velocitatibus
1630 3796 1663 3864 8.
1688 3794 1717 3863 B
1741 3812 1798 3863 ve·

271 3919 312 3981 ro
335 3921 367 3966 2.
388 3887 643 3973 velocitatibus,
668 3889 785 3958 itemm
811 3886 857 3959 est
875 3885 990 3961 eadem
1014 3878 1127 3985 sigurae
1151 3890 1315 3977 mutatio,
1347 3910 1424 3961 cum
1447 3882 1601 3962 uelocitas
1625 3886 1799 3981 respectiva

273 4010 449 4081 corpomm
473 3981 562 4058 inse
589 3986 752 4057 ruentium
778 3983 935 4068 fitzto.
1487 4034 1492 4043 .
1667 3984 1674 3991 ·
1714 3998 1716 4003 ·
1771 3976 1793 4037 .’

323 4103 507 4181 DCCXC·
532 4101 624 4175 Idem
647 4104 805 4190 ⁰bfi¹¹⁶tr
836 4124 913 4175 cum
940 4124 1062 4196 corpus
1086 4100 1120 4177 A
1142 4102 1285 4177 celerius
1308 4125 1438 4178 motum
1460 4078 1633 4199 assequitur
1657 4105 1688 4178 B
1712 4048 1797 4197 prta}

273 4226 428 4288 currens,
452 4219 564 4272 verum
585 4199 721 4273 lentius:
747 4200 782 4273 A
803 4203 894 4273 enim
917 4199 1060 4273 delamm
1084 4201 1257 4275 velocitate
1287 4222 1342 4296 15.
1366 4226 1415 4299 gr.
1440 4203 1679 4294 percutiatss,
1703 4199 1796 4295 quod

271 4317 449 4402 procurrat
467 4294 637 4370 velocitate
665 4317 699 4393 5.
724 4318 774 4397 gr.
798 4301 859 4374 erit
882 4296 1037 4376 velocitas
1059 4299 1233 4395 respectiva
1258 4302 1494 4380 stemma-10:
1517 4303 1553 4378 in
1576 4301 1639 4377 hac
1659 4319 1798 4475 5)εῇιέεέ

273 4542 681 4643 .(,.)-1ttearetrtplmitn¹
1037 4606 1106 4728 CB.
1130 4594 1192 4733 3⁵⁵
1261 4514 1264 4519 Ι
1386 4620 1389 4625 .
1443 4616 1448 4627 .
1515 4576 1524 4633 t
