4282 5962
592 263 1488 365 nannenten
1706 297 1787 389 w

264 472 390 546 euetint
407 470 506 565 virge
528 463 624 549 AB,
647 457 724 533 EF.
775 456 853 531 Hoc
867 456 971 531 modo
984 457 1060 551 pius
1074 459 1190 531 virium
1207 459 1470 560 Magnetiearum
1485 471 1662 556 excitauit,
1686 491 1787 562 quam

262 573 362 666 virga
387 569 470 639 tueri
493 561 644 657 poliunt,
667 557 745 630 ideo
767 557 875 649 aliqua
898 556 988 630 breui
1011 554 1082 628 fieti
1105 554 1192 639 solet
1211 561 1328 632 virium
1348 559 1480 654 jactum,
1581 612 1584 617 .

312 686 344 784 ς.
377 675 745 798 Dccechrtxlt.
778 672 828 745 Ut
860 671 999 745 lamellae
1031 671 1210 764 cuuybea
1240 675 1418 793 admodum
1447 701 1587 777 graver,
1618 683 1727 782 longe
1750 678 1789 755 dt

264 806 449 954 didita
464 768 1791 974 ididemiiid‘ffifflidffnffitdibi'dgffi'diiii&

263 980 369 1051 donec
388 975 456 1049 fere
475 974 520 1046 ad
545 975 707 1045 maximos
725 968 992 1061 pervenerimuS,
1024 964 1050 1035 fi
1081 967 1172 1037 enirn
1198 970 1336 1047 nimium
1360 970 1530 1047 discrimen
1555 973 1787 1073 nngnitudim

260 1081 344 1149 inter
371 1072 524 1147 fricantes
554 1067 590 1140 δι
617 1065 776 1140 fricandas
804 1062 932 1150 fuerit,
965 1064 1109 1134 minores
1139 1078 1210 1136 nun
1238 1067 1380 1140 multum
1416 1071 1531 1143 virium
1554 1074 1590 1144 iu
1613 1070 1791 1165 majoriban

261 1173 464 1245 excitabunt:
489 1186 698 1241 cumcurm
717 1160 856 1255 maiores
871 1162 906 1233 iu
920 1161 1064 1234 minores
1086 1161 1255 1256 extemplo
1277 1166 1344 1240 vim
1370 1187 1524 1256 omnem,
1552 1190 1652 1264 quam
1680 1161 1723 1241 ab
1747 1170 1789 1244 iia

261 1274 406 1363 reprere
429 1261 584 1361 potsunt,
608 1260 788 1339 infundunt.
1674 1290 1680 1305 =

310 1385 342 1482 §.
369 1376 755 1457 DCCCCLXXXIII.
782 1375 918 1451 Interim
947 1375 1112 1451 Nebeiius
1140 1379 1292 1471 probavit
1314 1377 1449 1455 irminae
1474 1381 1646 1476 chalybem
1668 1434 1682 1472 ,
1714 1383 1792 1457 lieet

264 1481 489 1579 magnitudine
515 1477 690 1581 differant,
720 1476 889 1568 viequaii
904 1476 1294 1571 -magnetieapraeaitas,
1319 1498 1396 1551 eum
1419 1479 1490 1553 eliis
1510 1479 1637 1555 laminis
1660 1480 1792 1573 aequaii·

264 1585 327 1656 bus
342 1582 414 1654 uim
438 1599 548 1672 parem
573 1577 789 1674 magnetieam
809 1577 1063 1648 communicare.

311 1695 343 1794 i.
378 1687 755 1781 Decccuxx-xav.
789 1686 927 1788 Quian
947 1708 1057 1765 autem
1079 1684 1209 1766 laminis
1231 1690 1411 1786 Chalybeis
1435 1694 1625 1769 vis'diuersa
1644 1697 1793 1795 Magne·
1859 1687 1863 1695 ’

264 1798 327 1865 tica
352 1792 586 1878 iness,·earum
610 1788 786 1863 foruffime
809 1788 966 1884 majorem
984 1787 1117 1883 quidem
1137 1791 1285 1885 vimaiii
1310 1792 1439 1865 larninae
1461 1793 1660 1880 infundent,
1694 1816 1794 1887 quam

261 1886 458 2058 ‹siebiiioffit
490 1911 560 2056 nfn
584 1906 693 2005 tamen
714 1889 773 1962 uia
800 1885 902 1960 infusa
927 1886 978 1959 est
1011 1887 1278 1981 proportionalis·
1295 1890 1445 1981 viribus,
1479 1912 1553 1985 quae
1574 1893 1609 1963 in
1629 1890 1794 1965 sortiffimr

276 2007 377 2074 unt,·
435 2004 722 2061 mutomrnom·
1151 2004 1174 2011 ''
1275 1998 1283 2025 ‘

283 2190 286 2195 ,
305 2107 347 2207 §2
359 2105 724 2195 ‚DCCCGLXXXM
748 2106 805 2191 An
822 2126 932 2188 autem
944 2103 1073 2197 liquido
1092 2124 1135 2175 co
1183 2103 1795 2202 oscipoten‚Lame11am:chuybean

261 2208 304 2281 ab
325 2202 451 2277 affrittu
473 2205 605 2281 aliarum
625 2206 669 2280 M
734 2206 889 2277 eticamm
912 2223 1035 2274 tantam
1057 2203 1124 2274 uim
1189 2204 1371 2302 agneticam
1394 2204 1570 2297 recepiffe,
1594 2227 1634 2278 ac
1650 2226 1796 2300 unquam

264 2324 381 2395 capere
402 2316 459 2374 a'ut
480 2308 619 2377 retinere
641 2327 686 2396 po
711 2301 777 2374 et?
810 2298 846 2370 id
872 2296 972 2397 nuile.
993 2292 1086 2369 cert'o
1105 2297 1180 2393 ¹huc
1205 2320 1311 2385 usque
1332 2299 1459 2369 constat
1490 2323 1709 2395 argumento,
1740 2320 1796 2375 aut

261 2401 518 2491 experimento:
544 2400 633 2470 Nam
663 2393 789 2465 lamella
811 2388 967 2479 chaiybea
987 2390 1028 2459 ab
1048 2390 1168 2458 attactu
1190 2386 1226 2459 ἃ
1245 2388 1340 2461 frida
1361 2391 1531 2486 Magnetis
1553 2396 1589 2466 fit
1616 2417 1680 2467 tam
1705 2419 1797 2493 mag·

264 2499 372 2569 netica
392 2515 431 2564 ac
454 2494 576 2566 abillo
606 2493 767 2588 Magnete
788 2487 857 2558 fieri
877 2485 1000 2577 potest:
1025 2483 1081 2555 sed
1102 2484 1174 2555 haec
1195 2485 1411 2574 agliberaiiori
1437 2487 1472 2557 ἂ
1496 2487 1622 2560 fortiori
1652 2491 1795 2586 Magne·

266 2615 298 2665 te
320 2592 393 2684 plus
415 2592 531 2663 virium
561 2588 760 2681 accepiffet,
793 2583 907 2654 eadem
936 2584 971 2651 a'
988 2583 1087 2675 virgis
1118 2581 1298 2669 Ch'alybeis
1328 2581 1479 2678 Knightii
1510 2589 1658 2655 maximis
1691 2589 1797 2658 adhue

261 2690 395 2787 largiori
421 2691 452 2758 vi
481 2689 666 2770 imbuitur;
701 2681 768 2754 Sed
792 2679 906 2767 ecquis
925 2677 1068 2748 divinare
1098 2675 1151 2749 vei
1172 2675 1316 2748 adserere
1340 2679 1502 2765 audebit,
1527 2679 1622 2751 aliam
1644 2682 1797 2772 praestan·

264 2790 381 2858 tiorem
396 2783 610 2868 methodum,
635 2802 700 2873 qua
712 2777 786 2875 plus
801 2773 1066 2873 Magneticarum
1081 2773 1196 2845 virium
1211 2774 1428 2858 excitaretur,
1453 2773 1473 2843 d
1487 2774 1626 2865 posteris
1650 2798 1720 2848 non
1747 2782 1797 2852 in·

264 2902 397 2955 uentum
419 2881 480 2951 iri?
506 2881 584 2952 ideo
608 2897 734 2950 tanturn
754 2868 926 2961 hucusque
949 2888 1156 2962 compertum
1177 2868 1245 2956 est,
1270 2869 1333 2940 Ma
1380 2888 1465 2941 etem
1491 2891 1548 2945 aut
1572 2875 1676 2970 virgas
1696 2874 1797 2974 Mag·

264 2980 387 3052 neticas
416 2976 558 3067 aliquam
587 2975 798 3067 quantitatem
829 2969 943 3039 virium
975 2988 1053 3037 cum
1085 2965 1226 3059 quadam
1259 2965 1343 3039 lame
1369 2989 1388 3039 a
1420 2971 1688 3060 communicate,
1720 2994 1795 3067 quae

265 3077 405 3150 maxima
430 3074 498 3158 est,
523 3075 564 3144 ab
588 3072 652 3143 iilis
672 3067 829 3162 potentiis
853 3060 1065 3135 infundenda.
1086 3142 1091 3155 ⁸

314 3190 348 3281 §.
375 3164 754 3269 DCCCCLXXXVI.
785 3178 922 3283 Poisunt
945 3176 1080 3284 quoque
1105 3183 1138 3253 in
1164 3181 1284 3255 lamina
1308 3182 1388 3281 0le
1476 3184 1580 3281 ferrea
1610 3187 1662 3264 vel
1685 3189 1794 3279 chaly.

265 3291 329 3360 bea
355 3288 432 3357 varii
458 3287 590 3357 excitari
620 3283 692 3376 poli
712 3278 842 3353 divertis
866 3277 991 3350 modis:
1018 3274 1168 3374 Qtando
1195 3277 1336 3353 inferro
1359 3305 1415 3354 mu
1430 3288 1464 3355 ti·
1477 3282 1548 3355 sunt
1568 3286 1676 3373 nodi,
1698 3289 1734 3359 in
1751 3307 1795 3358 eu

266 3382 426 3480 perfeeto
449 3383 490 3453 ad
516 3381 711 3475 Magnetem
735 3378 787 3449 vel
811 3378 933 3471 virgam
960 3373 1186 3472 Magneticam
1212 3395 1263 3449 tot
1288 3379 1359 3451 sunt
1383 3381 1476 3472 poli,
1502 3370 1584 3474 quot
1609 3381 1701 3455 nodi.

317 3482 383 3553 Sed
408 3480 431 3551 fi
455 3479 557 3552 ferrea
582 3475 708 3548 lamella
732 3491 788 3542 aut
811 3472 968 3560 chalybea
992 3472 1030 3542 fit
1051 3471 1265 3567 homogenea-
1285 3472 1320 3547 δι
1343 3477 1521 3552 nodorum
1538 3502 1682 3572 expers,
1716 3501 1795 3574 pos·

267 3579 340 3651 sunt
373 3600 440 3668 ope
471 3580 633 3669 virgarum
667 3567 1211 3735 Magnetifflumx'xffiaefivarias
1242 3571 1449 3662 intercipiunt
1486 3575 1624 3649 lamellae
1657 3599 1794 3669 partes,

253 3676 370 3748 'veluti
395 3673 565 3766 Magnetis
588 3666 722 3740 frustum
749 3666 784 3735 in
808 3661 896 3734 Tm.

266 3790 399 3862 cunque
425 3768 509 3841 locis
533 3789 572 3838 ac
595 3766 697 3855 lubet.

317 3887 350 3985 i.
392 3876 781 3961 DCCCCLXXXVII.
821 3874 1014 3955 An'autem
1036 3884 1122 3957 vites
1146 3882 1345 3982 Magnetum
1370 3886 1545 3979 sequuntur
1569 3892 1728 3962 rationem
1745 3882 1796 3962 su·

267 3986 495 4081 perficiemm,
518 4004 575 4056 aut
597 4004 640 4054 an
664 3979 735 4053 sunt
758 3980 808 4055 uti
828 3979 956 4067 radices
977 3978 1377 4076 Cubicaguaantorun
1401 3984 1611 4077 ponderum?
1637 3987 1676 4059 ln
1694 3985 1796 4158 Μιιξι

267 4104 345 4158 nete
368 4080 517 4152 Naturali
550 4080 584 4152 id
607 4075 710 4152 modo
735 4074 894 4150 obseruari
917 4080 1056 4169 peterit:
1081 4080 1213 4172 quando
1236 4082 1327 4173 prius
1350 4085 1456 4155 visin
1480 4082 1570 4155 mole
1592 4086 1739 4182 regulari

267 4177 418 4252 dimensae
443 4178 670 4272 magnitudlnis
694 4174 859 4267 explorata
874 4173 990 4261 fuerit,
1014 4176 1133 4250 deinde
1145 4179 1233 4251 idem
1251 4177 1395 4275 Magnes
1406 4179 1530 4253 secetur
1552 4184 1587 4253 in
1606 4203 1719 4275 partes
1743 4182 1795 4255 di·

267 4281 427 4350 versatum
453 4274 732 4370 magnitudinum,
756 4293 934 4363 earumque
958 4274 1208 4349 mensuratarum
1229 4279 1315 4349 uires
1340 4280 1437 4349 etiam
1461 4277 1690 4371 explorentur:
1713 4302 1791 4355 uam

267 4378 302 4447 in
321 4377 421 4447 ratiis
444 4371 649 4470 magnetibus
671 4380 741 4441 uon
765 4391 807 4441 ex
830 4369 955 4442 eadem
970 4371 1061 4443 arole
1085 4371 1230 4453 dietatis
1253 4374 1435 4473 muestiguti
1456 4379 1584 4471 nequit
1657 4378 1725 4453 Sed
1747 4398 1791 4450 arr

267 4474 303 4571 iu
326 4470 542 4577 Magnetibut
566 4465 806 4574 artificialibus?
830 4467 871 4547 lu
893 4466 945 4543 hia
969 4466 1172 4643 difficusses
1195 4492 1265 4551 non
1287 4475 1413 4573 exigue
1437 4473 1533 4568 sunt,
1557 4480 1681 4576 quippe
1702 4494 1788 4641 pag³

383 4642 388 4651 .
1143 4591 1166 4647 V
1744 4642 1767 4661 ,.

1100 3683 1134 3759 g.
1165 3683 1267 3759 tarot
1291 3671 1422 3740 excitari
1445 3671 1517 3763 poli
1541 3669 1578 3744 dt
1601 3677 1636 3746 in
1661 3677 1794 3766 quibus·
