4572 6086
547 346 636 452 sot
756 323 889 422 ns:
971 307 1904 426 nancrarctrarn.

547 531 667 617 m,
681 523 816 622 qnando
838 522 959 620 spbnm
980 516 1082 596 vitrea
1099 518 1207 616 ampla
1228 516 1395 590 celerrime
1414 523 1674 620 circumagitur,
1693 523 1750 599 sed
1773 525 1848 601 sunt
1870 529 2014 614 sdnfflae
2028 547 2080 620 inc

549 645 732 722 mapsa,
764 625 882 720 partim
906 618 1119 704 accedentes,
1148 619 1266 712 partim
1290 615 1470 710 abeuntes,
1495 618 1562 690 visu
1583 643 1652 722 prae
1676 624 1870 717 pernicitate
1886 635 1950 718 ¹vix
1970 636 2079 714 dillin-

551 723 719 826 gnendat,
750 743 826 813 quo
845 718 1025 793 formantur
1046 717 1090 788 ab
1111 713 1254 788 effluviis
1273 711 1430 786 eleaticis
1446 713 1671 792 advolantibus
1692 717 1728 792 dt
1747 723 1979 816 evolantibus:
2009 735 2083 812 hac

547 841 639 898 ωιῃ,
652 819 738 894 adeo
757 817 1017 898 condonantur,
1041 817 1076 886 in
1095 810 1235 908 speciem
1253 807 1347 900 foci,
1381 829 1418 882 ut
1442 831 1518 904 quae
1540 833 1636 885 antea
1659 813 1807 893 tarillima
1831 827 2080 923 amplitudinem

549 922 648 996 nnius
674 917 858 990 duonrrnve
887 912 1011 1008 pedum
1046 909 1281 1004 occupabant,
1313 925 1402 980 nunc
1433 901 1538 982 tnodo
1567 909 1750 1000 cylindrum
1778 917 1922 997 efficiant
1956 928 2081 1003 diame-

552 1011 663 1112 “51¹²
688 1015 741 1090 vel
764 1007 814 1108 ᾗ
837 1009 988 1108 pollicis,
1011 1009 1046 1080 in
1071 1004 1207 1080 occursu
1231 1007 1374 1078 maximo
1396 1025 1473 1079 ctmt
1498 1007 1624 1101 impetu
1645 1003 1684 1080 δι
1705 1013 1894 1107 explolione
1915 1028 2080 1122 crepion-

553 1121 784 1208 teopmbtur
800 1114 838 1183 in
857 1128 996 1201 corpora
1021 1103 1074 1178 vel
1088 1107 1213 1199 virgam
1226 1122 1409 1196 utramque.

599 1209 760 1304 Euplosro
790 1203 939 1280 scientia
965 1225 1043 1276 cum
1072 1204 1198 1296 crepitu
1219 1199 1339 1274 indicat
1368 1199 1481 1304 ee'tettt
1503 1200 1704 1277 ambientem
1734 1214 1900 1296 concuti,
1932 1216 2080 1294 velutin

553 1306 671 1382 fluido.
687 1309 721 1378 in
750 1302 888 1376 liuidum
906 1299 1063 1376 ,menter
1094 1299 1236 1392 impedio
1267 1296 1363 1370 sonus
1392 1299 1517 1370 oritur:
1548 1319 1623 1372 narn
1654 1299 1848 1378 electricum
1873 1307 2009 1384 liuidtnn
2030 1315 2078 1388 af·

551 1403 660 1476 fluens
683 1397 718 1491 dp
738 1397 878 1474 effluens
898 1395 1089 1494 rapidillime
1109 1397 1144 1469 in
1166 1391 1198 1468 se
1220 1391 1358 1482 influit,
1390 1415 1564 1488 aeremque
1588 1400 1734 1474 vicinum
1760 1408 1954 1480 concedens
1975 1417 2077 1507 trapi·

423 1576 426 1585 Δ
553 1519 624 1573 tum
644 1499 773 1570 excitat

549 1641 575 1768 .'
601 1590 1065 1769 cmviii'si‘iidi‘i
1081 1593 1353 1788 intelli?
1375 1607 1426 1756 ²31
1443 1585 2075 1780 illibabilis,tlal‘ail‘tl

1344 1735 1356 1769 θ

516 1799 527 1809 '
550 1790 693 1864 imitetur
719 1787 813 1889 (a).
863 1785 945 1862 Alio
971 1787 1073 1860 modo
1094 1788 1260 1880 ingentem
1284 1780 1446 1878 fragorem
1463 1802 1597 1874 quoque
1611 1787 1749 1860 excitme
1768 1789 1882 1865 docuit
1906 1791 1961 1866 Cl.
1981 1721 2077 1870 Ἄξει-

549 1889 622 1960 ltins
648 1881 734 1982 (b).
781 1881 873 1956 Nam
892 1883 934 1956 ad
953 1883 1113 1974 crepitum
1131 1899 1265 1972 quoque
1285 1879 1458 1970 concurrit
1476 1896 1615 1969 corpus,
1634 1882 1725 1972 quod
1749 1883 2000 1960 eledlticitatetn
2024 1893 2075 1966 al-
2160 1961 2168 1964 -

549 1979 656 2056 fundit
676 1979 712 2054 δι
732 1977 888 2068 effundit,
914 1979 949 2050 id
971 1979 1059 2053 enim
1079 1977 1121 2050 ab
1145 1971 1280 2048 actione
1302 1976 1471 2066 utriusque
1490 1977 1639 2047 torrentis
1660 1975 1694 2050 in
1719 1979 1925 2058 vehementes
1949 2004 2072 2062 tremo-

548 2099 602 2155 res
629 2083 726 2154 etiam
748 2077 940 2164 suscitatur,
971 2096 1070 2166 atque
1095 2075 1138 2144 ab
1162 2074 1252 2144 Aere
1274 2070 1524 2160 circumfusum,
1549 2073 1741 2146 tremoribus
1761 2075 1926 2170 strepitum
1953 2103 2077 2178 auget,

550 2177 605 2252 vel
637 2176 735 2248 aliurn
766 2174 921 2268 majorem
951 2172 1070 2244 eodem
1101 2170 1169 2242 fere
1196 2189 1346 2261 ternpore
1374 2171 1503 2240 excitat.
1575 2165 1720 2242 Lamella
1745 2177 1903 2248 excorio
1928 2177 2072 2276 vulgari,

550 2274 661 2348 ulnam
685 2271 810 2370 longa,
833 2289 926 2364 parte
946 2269 1054 2340 media
1072 2265 1284 2362 longitudinis
1309 2285 1450 2356 ponatur
1471 2268 1505 2338 in
1529 2265 1611 2338 tubo
1631 2263 1763 2352 ferreo,
1786 2270 1939 2360 pendulis
1956 2277 2072 2348 ambo-

549 2372 612 2442 bus
636 2373 817 2454 extremis,
847 2367 956 2439 eidem
988 2367 1070 2438 tubo
1096 2364 1203 2455 phiala
1227 2365 1327 2434 vitrea
1350 2381 1427 2434 cunt
1454 2359 1555 2454 Aqua
1578 2357 1613 2432 dt
1635 2363 1831 2438 extrinsecus
1852 2371 1941 2440 tenui
1962 2371 2075 2446 vestito

547 2464 688 2562 plumbo
714 2461 935 2550 adned'mtur,
968 2461 1141 2554 postquam
1165 2457 1272 2552 phiala
1305 2459 1342 2528 fit
1362 2457 1578 2528 electriciratis
1599 2456 1727 2551 plena,
1751 2463 1912 2538 ambobus
1935 2468 2075 2558 pedibus

544 2561 682 2656 forceps
704 2565 844 2660 vulgaris
864 2562 985 2631 ambiat
1010 2558 1180 2649 phialam,
1205 2553 1240 2626 dt
1264 2571 1433 2638 vertatur,
1463 2554 1571 2626 donec
1594 2550 1849 2650 forcipiscsput
1867 2563 2002 2658 attingat
2016 2585 2075 2640 co.

549 2663 657 2744 rium,
682 2658 736 2729 sex
754 2659 881 2729 circiter
905 2653 1043 2748 pollices
1057 2652 1140 2724 infra
1160 2653 1297 2738 tubum,
1322 2649 1379 2723 liet
1398 2651 1515 2748 ingens
1534 2647 1682 2744 exploro
1699 2671 1775 2726 cunr
1800 2658 1939 2748 copiolls
1962 2659 2076 2736 lucen·

550 2755 643 2832 tibus
669 2750 825 2823 scintillis.
1023 2753 1030 2766 ”

599 2845 784 2939 Nunquam
806 2863 914 2916 autern
936 2847 1085 2918 oriuntur
1108 2841 1250 2917 scintillae
1276 2846 1500 2935 crepitantes,
1523 2838 1547 2917 li
1569 2843 1766 2922 elediricitas
1788 2865 1910 2924 tantum
1934 2851 2071 2944 affluat,

550 2963 607 3020 aut
626 2964 751 3017 tanturn
773 2940 907 3028 effluat,
938 2964 1012 3014 narn
1033 2941 1137 3012 bomo
1160 2941 1228 3033 pici
1246 2939 1386 3012 insistens
1412 2961 1510 3014 manu
1540 2941 1929 3038 globumcircumat‘lum
1953 2951 2070 3040 fricet,
2138 3009 2148 3034 ,χ

551 3043 651 3116 altera
678 3061 777 3115 manu
801 3037 917 3112 tubum
941 3036 1080 3110 ferreum
1104 3041 1139 3108 in
1158 3037 1262 3108 serico
1277 3036 1438 3129 jacentem
1461 3039 1621 3135 attingat,
1647 3061 1714 3112 turn
1740 3039 1931 3116 elediricitas
1955 3067 1996 3118 ex
2015 3065 2068 3118 tu-

551 3139 600 3214 bo
622 3136 658 3212 dt
678 3137 813 3212 homine
836 3133 944 3209 inlluit
968 3137 1002 3206 in
1024 3134 1160 3231 globum
1184 3135 1346 3220 vitreum,
1378 3157 1448 3206 non
1468 3155 1549 3206 vero
1569 3135 1699 3224 effluitt
1727 3137 1805 3210 ideo
1825 3139 1848 3210 li
1866 3140 1945 3212 alter
1963 3142 2070 3218 borno

551 3237 693 3336 digitum
715 3238 796 3316 nubo
814 3233 920 3306 ferreo
944 3233 1141 3316 obverterit,
1166 3247 1236 3303 non
1250 3231 1442 3302 excitabitur
1462 3231 1617 3316 scintilla,
1642 3238 1719 3324 quia
1740 3256 1782 3305 ex
1805 3233 1947 3310 secundo
1965 3237 2073 3312 homi·

551 3351 596 3408 ne
624 3331 757 3422 quidem
780 3330 970 3402 eledrlcitas
993 3330 1027 3397 in
1050 3329 1165 3398 tubum
1185 3325 1301 3410 volnt,
1328 3328 1382 3398 sed
1400 3349 1442 3398 ex
1464 3349 1508 3402 eo
1529 3327 1660 3400 vicilirm
1682 3333 1715 3400 ln
1739 3331 1909 3406 hominem
1932 3357 2001 3408 non
2024 3339 2074 3409 in·
2153 3345 2158 3352 '

551 3426 645 3512 duit3
670 3426 747 3496 ideo
770 3423 900 3590 dagans
918 3411 1081 3516 penicillis
1100 3423 1232 3498 radiolis
1254 3423 1392 3498 adversus
1415 3425 1661 3516 nonexcitatis,
1686 3423 1821 3500 scintilla
1836 3433 2000 3523 crepitans
2015 3455 2073 3506 ert·

553 3524 645 3594 citari
666 3539 736 3594 non
808 3538 819 3589 t
866 3570 877 3589 .
1121 3547 1151 3564 ··
1962 3561 1967 3570 -

599 3541 957 3710 Aliquaudlt'soscintillae
980 3619 1174 3710 crepitantes
1189 3621 1221 3692 se
1236 3618 1395 3709 celerius,
1418 3619 1593 3712 aliqnando
1610 3619 1727 3696 lentius
1743 3621 1949 3716 sequuntur,
1973 3643 2074 3720 prout

550 3711 670 3809 majori
689 3715 847 3790 minorive
865 3715 961 3812 copia
980 3713 1175 3792 clediricitas
1195 3717 1591 3792 immansuetorum
1620 3723 1745 3811 optime
1763 3719 1921 3794 obenan
1941 3722 2072 3814 potest,

552 3811 687 3905 qundo
708 3811 808 3891 draco
826 3815 866 3888 ln
884 3813 1013 3890 sublimi
1030 3819 1106 3889 aire
1125 3816 1265 3905 volitat,
1296 3837 1364 3910 quo
1387 3819 1475 3888 eninr
1498 3835 1647 3909 tempore
1671 3815 1786 3890 caelum
1810 3819 1857 3891 cll
1880 3820 2072 3892 electricita·

551 3914 595 3994 ἡ
614 3909 771 4006 plenum,
798 3933 840 3985 ex
860 3919 1002 3990 termino
1023 3914 1070 3986 lili
1092 3913 1186 3986 ferrei
1213 3915 1360 3987 celeriter
1389 3917 1582 4005 crepitantes
1608 3913 1748 3986 scintillae
1768 3915 1803 3984 in
1826 3913 1942 3988 clavim
1967 3913 2000 3986 se
2023 3913 2077 4006 seq
2100 3953 2106 3964 ·

550 4020 715 4180 ἓῧυηωὲ,
739 4009 795 4084 sed
816 4011 991 4104 aliqnando
1008 4009 1146 4084 Minuta
1165 4031 1234 4085 uno
1248 4011 1300 4085 vel
1323 4011 1426 4084 altero
1447 4031 1533 4106 opus
1557 4009 1623 4100 etl,
1645 4030 1819 4106 antequam
1831 4009 1966 4088 scintilla
1987 4010 2075 4086 scin·
2209 4075 2211 4078 .

598 4123 652 4180 arn
686 4111 827 4202 equitur.
1590 4135 1591 4145 ¹

565 4227 569 4238 ·
597 4201 658 4286 dn
674 4201 854 4296 cylindrus
878 4205 1040 4298 crepiturn
1062 4201 1240 4278 admodum
1262 4209 1390 4298 tenuit,
1420 4227 1492 4282 non
1515 4210 1635 4305 probat
1652 4149 1894 4284 electricitttenr
1923 4207 1991 4282 ell’e
2016 4205 2072 4280 sd·

549 4297 689 4373 modum
712 4297 940 4380 condensatum
957 4333 984 4411 ,ζ
1004 4323 1083 4398 quaa
1102 4323 1172 4376 rara
1190 4303 1325 4398 fuerat,
1357 4327 1457 4407 quant
1475 4307 1534 4387 diu
1552 4307 1612 4390 sub
1636 4307 1741 4390 forma
1763 4307 1913 4406 penicilli
1935 4323 2075 4484 appffi
