4282 5962
392 310 485 399 ou
533 288 928 392 consortum
975 288 1615 394 nrtuncrrorvr'uus
1661 286 1783 419 *377

300 507 397 581 Nam
430 526 472 576 ex
496 523 609 575 centro
632 516 731 596 gutta
764 496 778 567 l
810 493 970 566 ducantur
992 495 1027 564 in
1061 493 1189 585 specula
1214 499 1496 587 perpendiculares
1522 505 1597 598 lu,
1625 503 1712 591 IK,
1746 507 1779 576 in
1806 537 1886 597 Tala·
2007 490 2013 497 ’

259 608 379 697 quibus
402 622 492 700 gutta
515 602 680 693 attingitur
696 594 916 680 trahiturque,
941 591 1035 681 super
1054 590 1133 678 ll),
1159 593 1216 665 lK
1241 595 1472 669 ditedionibus
1496 599 1654 673 formetur
1677 602 1900 693 paral-xxvi.

262 704 507 797 lelogrammum
541 692 694 777 IESK,
726 690 818 783 cujus
840 688 1021 782 diagonalis
1045 688 1092 760 est
1117 690 1189 776 ls,
1211 694 1246 761 in
1269 714 1334 783 qua
1353 693 1428 765 ferri
1453 694 1552 766 debet
1570 722 1678 793 gutta,
1707 699 1849 791 quaesic-
1868 709 1914 767 ¹5·

262 799 402 892 proinde
434 796 617 867 movebitur
641 790 766 881 semper
788 791 821 856 in
843 789 929 855 teila
953 786 1031 857 DA
1048 835 1061 872 ,
1092 787 1198 859 versus
1222 790 1377 886 angulum
1402 792 1433 863 B
1448 793 1477 867 Α
1490 790 1533 864 C.
1566 797 1699 885 quando
1725 820 1782 867 au·

263 915 328 966 tem
348 912 437 989 gutta
462 895 598 984 propius
620 890 655 960 -Α
673 887 816 967 venerit,
837 880 967 953 necesse
989 882 1035 954 est
1057 905 1094 954 ut
1115 884 1334 977 applaudat,
1360 889 1520 982 latiorque
1542 893 1677 977 evadat,
1701 914 1784 965 cen·

264 1012 347 1063 trum
372 1012 450 1061 vero
472 990 635 1085 gravitatis
653 986 779 1074 semper
793 984 854 1051 erit
873 985 907 1051 ia
920 980 1027 1052 media
1039 1002 1133 1072 parte
1149 982 1186 1068 1,
1210 986 1287 1076 quia
1309 984 1418 1056 a'utem
1439 987 1627 1061 leontinuo
1648 992 1786 1082 propius

262 1092 464 1179 propiusque
482 1084 620 1177 speculis
642 1083 735 1166 AB,
762 1078 843 1151 AC
865 1079 1011 1164 accedit,
1035 1079 1162 1172 semper
1184 1086 1288 1181 magis
1312 1086 1480 1179 magisque
1495 1087 1658 1173 trahetur,
1682 1090 1784 1158 adeo·

258 1207 326 1276 que
356 1204 449 1255 motu
474 1182 595 1253 seretur
622 1180 802 1251 accelerato
824 1175 866 1245 ad
883 1177 924 1247 'A
943 1176 1059 1261 ‚dum
1076 1181 1203 1251 interea
1226 1183 1262 1251 in
1284 1180 1477 1273 ampliorem
1501 1182 1705 1257 latitudinem
1725 1206 1785 1257 ex·

261 1282 420 1374 plicatur,
446 1280 555 1351 donec
577 1280 709 1350 tandem
729 1276 914 1366 pervenerit
935 1273 976 1344 ad
1004 1275 1051 1346 Α.
1436 1278 1442 1289 ’
1645 1304 1648 1309 ·

260 1432 265 1439 -
308 1379 391 1451 Non
418 1378 560 1449 succedit
582 1380 838 1468 experimentum
863 1374 897 1441 ln
918 1371 1004 1443 oleis·
1017 1376 1210 1460 tenedum,
1231 1376 1408 1468 qui'nimis
1427 1376 1651 1451 adhaerescont
1678 1381 1787 1473 super-

261 1475 397 1548 srciebus
410 1472 636 1568 speculorum,
661 1494 730 1545 tum
754 1464 791 1540 dc
814 1488 921 1563 partes
945 1470 1010 1541 olei
1035 1492 1105 1543 nan
1129 1472 1201 1547 satis
1224 1474 1388 1567 proclives
1411 1474 1484 1549 sunt
1507 1479 1550 1549 ad
1574 1499 1722 1565 motum,
1748 1474 1787 1550 dt

262 1574 303 1645 ad
330 1574 362 1646 sc
383 1595 497 1647 mutuo
518 1571 756 1664 relinquendas.
1248 1592 1253 1599 ·

310 1692 341 1790 s.
367 1693 519 1767 MLXV.
544 1696 578 1765 Si
601 1712 671 1785 quo
693 1704 1017 1781 temporernovetur
1039 1706 1152 1791 gutta,
1177 1688 1337 1797 spequla,
1364 1712 1428 1783 qua
1452 1692 1601 1785 parte-se
1626 1710 1791 1789 tangunt,

261 1796 382 1863 interea
411 1792 607 1875 eleventur,
636 1802 730 1885 gutta
757 1786 876 1859 lentius
909 1788 1096 1889 proserpit,
1127 1788 1326 1861 increscente
1359 1786 1484 1881 semper
1516 1789 1681 1887 segnitie,
1719 1812 1790 1881 quo

259 1888 466 1980 speculorum
492 1885 666 1961 conradus
681 1885 728 1956 est
742 1882 857 1955 altior:
881 1890 973 1957 uuila
986 1892 1150 1960 continuo
1166 1885 1358 1967 altitudine,
1382 1908 1452 1957 non
1464 1886 1602 1976 amplius
1616 1886 1683 1957 olei
1699 1906 1791 1981 gutta

260 1984 446 2067 adscendit,
471 1985 619 2076 pondere
636 1982 704 2074 ejus
721 2001 798 2052 curn
817 1983 938 2055 viribus
952 1985 1158 2076 speculorum
1176 1981 1408 2083 attmhentibus
1427 1982 1686 2077 ¹aequipollente:
1713 1983 1792 2054 ideo

260 2086 297 2152 in
322 2082 436 2173 majori
459 2079 663 2171 speculorum
684 2078 853 2149 altitudine
877 2080 989 2152 oleum
1014 2080 1200 2153 descendet.

314 2178 377 2248 Sed
402 2178 425 2248 sr
447 2177 514 2250 olei
548 2177 627 2248 loco
647 2172 800 2268 purissimi
831 2174 991 2248 Mercurii
1017 2198 1108 2275 gutta
1130 2180 1356 2268 experimento
1378 2176 1546 2263 servierit,
1572 2177 1721 2251 deorsum
1743 2174 1794 2247 fe·

262 2297 352 2348 retur
376 2276 419 2347 ad
439 2275 647 2367 speculomm
665 2272 805 2362 amplius
827 2273 1056 2354 intervallum,
1090 2274 1153 2343 five
1181 2274 1347 2361 speculum
1373 2296 1474 2343 unum
1496 2275 1538 2343 ad
1561 2275 1664 2346 solum
1688 2272 1794 2366 paral·

266 2373 366 2443 lelum
388 2372 552 2465 jacuerit,
578 2373 641 2439 srve
662 2370 762 2438 ambo
790 2368 951 2435 tantillum
969 2370 1122 2435 inclinata
1136 2367 1177 2432 ad
1195 2368 1308 2437 solum.
1345 2368 1410 2437 Sed
1426 2368 1625 2458 potiffimum
1645 2371 1795 2441 observa-

264 2489 346 2555 tur,
371 2491 448 2541 cum
473 2466 639 2560 speculum
671 2462 814 2554 superius
838 2460 912 2532 AB
931 2463 1116 2553 imponitur
1138 2457 1269 2529 inferius
1286 2457 1407 2549 jacenti
1436 2458 1532 2547 AC.¹
1546 2465 1676 2543 simulac
1702 2486 1795 2559 gutte

262 2570 429 2663 attingitur
447 2570 480 2637 in
505 2565 560 2645 E,
584 2563 794 2653 applanatur,
816 2558 969 2648 vaditque
992 2557 1033 2627 ad
1051 2554 1142 2642 BC,
1166 2574 1335 2648 nunquam
1359 2554 1401 2627 td
1420 2554 1464 2627 Α.
1498 2555 1552 2628 sed
1565 2558 1619 2629 'de
1641 2558 1691 2632 his
1717 2582 1799 2650 prof

264 2667 360 2736 iixius
384 2667 451 2761 egit
470 2659 685 2748 Hauksbejus.

314 2761 405 2856 Quia
432 2778 541 2851 partes
572 2752 732 2825 Mercurii
762 2751 794 2821 se
815 2748 1112 2839 sortius'trahunt,
1136 2772 1236 2842 quam
1268 2770 1287 2820 a
1311 2751 1396 2821 vitro
1416 2748 1614 2839 trahuntur,
1647 2748 1683 2823 &
1718 2758 1797 2845 quia

265 2862 308 2931 ab
342 2858 492 2949 apposrto
516 2851 649 2944 speculo
680 2849 837 2939 superiori
871 2846 971 2934 AB,
1002 2866 1094 2945 gutta
1124 2850 1257 2938 pellitur
1280 2844 1458 2917 duedrone
1482 2844 1572 2933 EI,
1606 2848 1704 2939 KI,
1737 2853 1797 2923 de.

264 2958 321 3028 bet
340 2953 416 3024 ferri
444 2956 478 3023 in
509 2952 560 3024 via
585 2944 648 3018 ID
672 2943 778 3019 versus
801 2942 852 3016 D.
876 2945 1027 3039 adeoque
1052 2945 1095 3017 ad
1117 2942 1252 3031 locum,
1273 2944 1312 3012 in
1336 2960 1406 3034 quo
1430 2943 1596 3037 speculum
1621 2968 1650 3047 a·
1663 2947 1798 3041 speculo

265 3052 405 3143 amplius
426 3049 531 3120 distat.

315 3164 348 3263 §-
375 3158 547 3233 illlLXVI.
572 3156 746 3230 Manifesta
773 3162 871 3231 etiarn
899 3156 947 3228 est
967 3158 1128 3231 Attraslio
1150 3156 1187 3231 in
1211 3158 1433 3235 sulimatum
1454 3156 1711 3259 Philosopbica,
1741 3162 1796 3237 vei

270 3264 481 3361 Vegetatiana
506 3258 658 3351 Salium,
684 3257 730 3325 uti
750 3252 838 3327 Nltri
861 3254 1042 3347 puniicati,
1075 3255 1230 3346 crystalli
1246 3258 1436 3342 mineralis,
1462 3256 1544 3329 Salis
1560 3260 1796 3351 Ammoniaci,

270 3364 351 3434 Salis
377 3358 530 3443 Marini,
563 3354 646 3427 Salis
672 3351 715 3424 de
743 3350 873 3425 duobus
894 3348 962 3427 &o
995 3354 1053 3444 qui
1082 3352 1175 3427 soluti
1197 3356 1231 3425 in
1254 3356 1352 3449 Aqua
1375 3354 1523 3451 vulgari,
1554 3358 1607 3428 vel
1634 3360 1668 3428 in
1696 3356 1796 3449 Aqua

271 3460 404 3550 Calcis,
429 3454 520 3526 Vino
543 3452 655 3535 Albo,
679 3445 769 3519 Vino
785 3448 925 3533 Rubro,
950 3448 1072 3539 Spiritu
1095 3450 1212 3536 Nini,
1238 3451 1360 3544 Spiritu
1387 3453 1492 3538 Salis,
1517 3452 1640 3546 Spiritu
1663 3452 1797 3529 Vitrioli

173 3580 183 3591 ·
270 3555 337 3629 &c
360 3552 480 3623 deinde
499 3546 590 3620 insusr
613 3543 742 3635 poculis
760 3546 899 3635 vitreis,
930 3542 984 3615 vel
1008 3545 1176 3637 figulinis,
1199 3549 1441 3637 porcellaneis,
1473 3549 1639 3637 stanneis,
1672 3552 1725 3623 vel
1747 3548 1796 3626 vi·

271 3673 323 3725 tro
347 3646 522 3733 obductis,
548 3643 708 3731 incipiunt
729 3639 906 3731 parietibus
933 3639 1134 3723 accrescere,
1159 3640 1276 3713 elevari
1290 3642 1372 3713 ultra
1390 3642 1560 3717 solutionis
1573 3648 1795 3739 superficiem,

273 3744 467 3819 adscendere
490 3740 644 3812 adoram
669 3734 748 3807 vass
771 3736 981 3827 supremam,
1011 3756 1149 3827 eantque
1173 3736 1271 3809 densa
1295 3738 1510 3811 excrescentia
1529 3740 1659 3815 diversae
1682 3744 1797 3817 formae

273 3862 452 3924 coronare;
479 3834 641 3909 interdurn
664 3833 797 3904 ulterius
814 3850 956 3929 perptnt
976 3832 1100 3903 ambire
1122 3832 1332 3924 superficiem
1354 3836 1434 3911 vafia
1467 3840 1622 3911 extimam
1655 3836 1726 3935 (a)
1759 3843 1799 3915 ii·

273 3940 342 4011 rnili
365 3937 468 4009 modo
491 3951 642 4030 vegetant
665 3926 825 4000 nonnulla
844 3926 973 3999 metalla
992 3931 1032 4017 ¹in
1055 3929 1224 4001 menstruis
1235 3930 1348 4005 soluat.

323 4055 356 4144 §-
382 4050 572 4123 MLXVll.
596 4046 735 4121 Solvunt
750 4066 891 4139 corpora
915 4043 1109 4141 seinvicem
1125 4078 1149 4133 ,·
1164 4068 1238 4139 quae
1262 4047 1294 4121 se
1314 4054 1350 4122 in
1372 4054 1543 4143 particulas
1566 4060 1709 4130 minores
1732 4059 1800 4131 dis·

275 4170 441 4245 cerpuat,
471 4150 515 4219 ita
537 4166 574 4219 ut
592 4142 867 4239 permisceantur:
901 4144 1027 4221 Solatia
1051 4144 1217 4244 igiturest
1242 4145 1399 4240 separatio
1428 4156 1569 4244 partium
1589 4156 1639 4227 'de
1668 4154 1798 4249 reliquo

1713 4275 1798 4330 caetu

312 4438 1110 4583 ‘⁰)B⁰⁹¹‘n¹irir⁰⁰'iss'13ssai²ii{¹¹‘{imis
1135 4434 1430 4589 'iffistqgfflssgrp
1451 4450 1531 4590 pu³
1553 4452 1605 4514 ro.
1624 4457 1709 4527 1⁷0⁶.
1728 4466 1795 4594 pr.

390 4542 480 4680 ξῗξι·
498 4618 566 4680 avc·
584 4606 658 4679 655·
698 4562 816 4681 u’uit‘t
836 4539 1291 4759 resuedfftossssfibozssnj
1309 4546 1490 4689 1,ξῇιρρῇ
1510 4532 1625 4601 ΗΜ
1644 4535 1722 4609 noy.
1766 4550 1794 4590 ο·
