4282 5962
312 279 396 391 to
511 258 632 349 nn
712 248 1646 363 rancrnrcrrnrm

316 460 427 537 mania
447 455 491 531 ad
507 475 569 529 nos
589 451 810 535 advehuntur,
833 447 876 521 ad
896 450 1010 522 vinum
1038 446 1232 521 servandum·
1252 444 1324 518 sunt
1346 447 1512 544 egregiael
1537 466 1650 520 verum
1674 451 1707 521 ln
1725 451 1842 528 Gallia

318 555 439 633 confici
461 550 625 637 solebant,
648 547 684 621 in
710 546 830 640 quihus
847 544 970 616 Vinum
989 546 1080 617 brevi
1100 544 1384 633 corrumpebatur,
1408 546 1485 637 quia
1508 566 1530 615 a
1553 543 1644 618 Vino
1657 548 1841 626 eredeban-¹

317 640 372 731 'rur
391 653 514 748 lagenae
534 646 614 743 (a)
641 642 772 719 &ideo
795 640 985 735 Philosophi
1016 642 1113 711 etiam
1141 636 1290 732 respectu
1314 641 1450 725 eliorum
1469 640 1770 733 phaenornenorum
1793 649 1846 720 di·

316 751 424 824 verstrs
440 746 608 819 observant
620 739 836 828 efferimur
849 742 885 811 in
901 737 1201 828 rubiscapillaribur
1210 738 1245 807 in
1259 737 1348 828 Cap.
1355 737 1433 819 XX.
1451 742 1664 827 memorabo,
1675 745 1752 833 quin
1766 768 1842 820 om·

314 851 369 921 nia
398 846 553 919 vitrorum
582 861 703 939 genera
727 837 903 931 plurimum
931 838 1015 907 inter
1037 834 1070 905 se
1092 832 1285 926 discrepant.
1333 834 1591 925 Fahrenheytiur
1615 841 1712 911 tubos
1738 842 1844 915 Baro·

313 942 469 1019 metricos
496 938 671 1012 Mercurio
694 956 792 1029 qnam
817 930 1046 1005 accuratilllme
1069 931 1237 1024 implens,
1262 931 1376 1004 incidit
1400 934 1433 1001 in
1456 934 1602 1020 vitrum,
1627 938 1720 1028 quod
1744 939 1845 1012 ostii,

313 1041 402 1113 lante
425 1036 598 1110 Mercurio
621 1036 655 1107 in
682 1034 790 1119 tubo,
823 1029 914 1103 nulln
938 1028 1027 1126 ligne
1055 1027 1138 1100 lucis
1161 1026 1217 1098 vel
1241 1024 1475 1113 Electricitatis
1497 1029 1641 1103 edebat:
1668 1036 1769 1107 simile
1794 1039 1845 1111 vi.

312 1157 398 1211 trurn
421 1133 570 1206 Veneriis
601 1132 664 1203 A0.
692 1128 799 1201 1680.
822 1122 989 1213 costum,
1024 1120 1061 1197 dr
1093 1123 1185 1217 quod
1214 1146 1283 1217 ptae
1307 1124 1445 1197 mollitie
1468 1122 1623 1207 serviebat
1645 1127 1842 1228 Encaustia,

311 1236 410 1305 etiarn
432 1228 584 1322 possedi,
617 1225 739 1299 etiarnsi
759 1225 830 1296 tubi
849 1226 940 1296 vitrei
956 1222 1020 1316 hac
1043 1219 1233 1314 tempestate
1256 1224 1291 1293 in
1317 1221 1442 1316 Anglin
1465 1221 1612 1297 conses'ri
1636 1247 1753 1300 omnes
1776 1229 1841 1305 lint

310 1326 496 1419 Eleetrici,
530 1320 565 1396 u
589 1322 754 1395 oscillante
775 1320 978 1407 Mercurio,
1010 1319 1051 1390 ah
1075 1317 1169 1411 hujus
1201 1320 1277 1390 tritu
1301 1319 1447 1393 interno,
1464 1317 1596 1405 luceant
1627 1324 1841 1412 intrinsecus,

310 1424 527 1496 descendente
549 1420 743 1507 Mercurio,
768 1415 803 1491 dr
824 1421 951 1509 rapiant
970 1417 1167 1489 extrinsecus
1189 1413 1336 1507 pendula
1354 1413 1449 1486 levin.
1499 1410 1647 1511 Quodn
1672 1418 1767 1495 Virro
1790 1445 1837 1497 eo

308 1519 443 1595 Veneto
458 1541 527 1593 non
541 1516 717 1611 prestatur.
763 1516 877 1589 Animi
899 1513 1034 1587 consito
1049 1512 1116 1591 hoc
1140 1511 1397 1603 experimentum
1423 1511 1523 1613 ᾼυ
1555 1533 1614 1607 59.
1639 1522 1755 1607 repetii
1777 1543 1841 1613 pa.

307 1621 338 1693 ri
361 1614 525 1702 successu,
550 1635 662 1685 cuma
687 1614 770 1685 vitro
788 1612 982 1687 Britannico
1002 1628 1111 1683 tumen
1133 1608 1217 1681 levia
1239 1607 1476 1681 alliciebantur:
1539 1610 1700 1703 ejusmodi
1723 1621 1841 1693 varior

306 1732 443 1797 eventus
467 1730 590 1781 tantum
615 1710 763 1803 detegit,
788 1711 845 1800 q'ui
868 1708 902 1777 in
925 1703 1091 1800 capiendis
1113 1704 1363 1797 repetendisqne
1386 1706 1618 1796 experimentis
1641 1710 1762 1805 affidno
1787 1714 1839 1788 est

308 1808 509 1899 occupatum
538 1824 601 1877 nec
622 1808 656 1877 in
684 1825 753 1876 uno
768 1814 894 1901 genere
910 1823 1089 1897 corporum
1108 1799 1311 1895 explorando
1326 1801 1515 1893 acquiescit.
1560 1801 1619 1874 Est
1639 1808 1725 1879 mihi.
1743 1833 1840 1903 quae.

306 1905 384 1981 darn
411 1925 485 1976 cera
505 1900 649 2003 figillaris
670 1902 725 1975 vix
746 1902 854 1973 minus
882 1899 1039 1997 generosa
1069 1901 1185 1984 vit'ror
1219 1896 1283 1971 alia
1304 1896 1477 1989 pulcrioris
1501 1898 1631 1971 mhor‘n
1655 1896 1691 1974 δι
1715 1909 1839 1983 nitoris

215 2020 218 2027 ·
305 2001 413 2073 multo
428 2000 574 2097 segnior,
599 1997 661 2071 alia
687 2000 804 2071 iterum
821 1997 951 2069 alterius
972 1998 1120 2094 vigoris,
1139 1997 1213 2067 imo
1230 2015 1306 2067 ceta
1329 1995 1456 2085 optima
1479 1990 1624 2089 figillnris
1646 1996 1757 2073 fricata
1779 2005 1836 2076 lu.

305 2118 360 2171 cet
381 2101 415 2169 in
440 2097 608 2185 tenebris,
640 2093 676 2167 dr
698 2094 871 2188 penicillos
894 2092 1040 2165 radiolos
1065 2092 1214 2189 spargit,
1244 2092 1293 2163 uti
1325 2092 1395 2163 tubi
1418 2088 1511 2163 vitrei
1527 2112 1543 2158 r.
1562 2094 1744 2183 penicillos
1768 2098 1840 2175 hos·

304 2194 471 2267 elurifflme
499 2193 567 2268 ridi
599 2194 747 2285 hyeme,
779 2210 934 2287 regnante
965 2190 1079 2286 gelu,
1114 2184 1249 2265 &eche
1272 2187 1455 2293 llecillimo.
1499 2185 1568 2300 §ed
1592 2191 1673 2279 quin
1691 2197 1840 2283 partium

303 2312 444 2385 corpora
465 2293 736 2383 componentium
758 2286 1056 2399 conformationes,
1080 2285 1269 2367 densitates,
1293 2306 1418 2375 poros,
1441 2289 1629 2398 vanaque-'i
1691 2289 1838 2368 edientia

303 2410 493 2558 {ltili
522 2386 688 2555 silit
711 2376 1435 2572 lllllllllul⁶lulnil⁸lln⁰lnlfll²l
1449 2378 1839 2563 disimilis

302 2600 481 2743 nrt
509 2578 687 2743 thile
706 2570 940 2741 lulli,
960 2592 1084 2739 tell
1105 2572 1219 2739 eir
1241 2568 1837 2749 rehtnilltrnr‘u‘

300 2766 400 2852 rdine,
413 2722 498 2837 'tuln
518 2762 553 2836 dr
575 2690 734 2856 prallllae
759 2762 951 2855 sulphurea
976 2762 1068 2857 (r).
1103 2689 1195 2839 pallia
1220 2719 1419 2859 aliquantum
1434 2694 1671 2861 calefaelenda,
1693 2700 1840 2851 vlldltls

302 2866 369 2936 tius
387 2862 530 2933 fricando
553 2860 647 2933 sunt:
672 2860 734 2931 alia
758 2859 914 2933 calidiora
936 2880 1004 2933 ovo
1022 2860 1178 2935 incubare
1203 2883 1272 2935 non
1297 2862 1380 2937 liunt
1404 2862 1587 2955 eleshrica,
1614 2892 1688 2963 quae
1711 2869 1750 2942 fri
1774 2875 1833 2949 idn

302 2961 377 3032 sunt
402 2958 579 3055 genem,
603 2957 708 3025 veluti
727 2956 799 3025 sunt
817 2956 930 3025 refinae
953 2956 1172 3048 vegetabiler,
1199 2960 1384 3051 terrestres,
1408 2962 1458 3039 dr,
1472 2962 1646 3055 sulphnrn3
1670 2968 1738 3039 imo

301 3058 401 3128 etiarn
423 3056 504 3128 vitra
528 3050 707 3137 reserrern',
731 3070 805 3141 que
829 3070 898 3142 quo
921 3048 1145 3124 vehementius
1169 3051 1276 3125 celent
1290 3105 1309 3139 ,,
1326 3079 1371 3131 eo
1395 3061 1505 3135 minus
1527 3080 1604 3153 apra
1624 3061 1834 3139 electricitati

303 3152 407 3237 sunt,
432 3151 510 3222 hinc
535 3147 707 3222 candentia
729 3147 800 3219 sunt
822 3146 953 3239 prorsus
976 3148 1113 3240 inepta:
1146 3146 1371 3253 Tutme'linnm
1396 3156 1516 3229 dicitur
1538 3161 1678 3231 maxime
1701 3158 1838 3237 creen-

301 3270 410 3330 eurn,
443 3246 576 3337 quando
596 3244 726 3317 calescit
746 3243 855 3316 calore
875 3266 971 3336 aquae
994 3245 1213 3333 ebullientis,
1241 3246 1297 3321 sed
1321 3251 1453 3341 quando
1475 3252 1550 3340 plus
1573 3260 1721 3330 minusve
1743 3260 1837 3333 incn-

302 3346 385 3425 luit,
409 3341 455 3413 est
482 3344 644 3413 minorum
663 3342 779 3412 virium
806 3340 898 3435 (d).
945 3340 1004 3415 An
1020 3341 1090 3413 hoc
1107 3366 1176 3415 non
1196 3342 1259 3427 lit,
1277 3345 1355 3435 quia
1377 3344 1494 3419 horum
1520 3346 1696 3423 calentirnn
1722 3356 1834 3429 clasti-

299 3443 382 3512 citas
408 3436 584 3523 decrevit,
610 3436 694 3511 adeo
723 3456 760 3509 ut
787 3438 894 3510 minus
920 3438 1204 3528 contremiscere,
1235 3436 1273 3512 nr
1293 3440 1433 3516 fluidum
1455 3438 1647 3519 eledhrienrn
1671 3470 1828 3526 excutere

299 3532 442 3637 posint?
472 3554 529 3607 aut
548 3556 590 3607 an
611 3534 697 3631 ignis
715 3554 891 3629 prunarum
916 3532 1129 3621 riediricitari.
1145 3536 1258 3613 refistit
1272 3590 1292 3628 ,.
1319 3534 1355 3615 δι’
1379 3542 1547 3632 introitum
1571 3545 1687 3618 arcetl
1733 3546 1828 3623 Con·

302 3654 375 3720 rra,
406 3650 539 3724 oportet
560 3651 598 3704 ut
618 3631 680 3705 alia
700 3652 840 3725 corpore
861 3634 952 3727 prius
974 3635 1184 3711 vehementer
1207 3636 1427 3730 incalescant,
1455 3638 1478 3711 li
1503 3636 1660 3716 frictione
1683 3642 1837 3735 aliquan-r

302 3728 407 3803 tulum
423 3725 579 3803 eieorica
593 3728 753 3819 evadent,
777 3730 875 3803 veluti
892 3728 1037 3827 Lignurn
1052 3732 1264 3827 Guajncum,
1282 3734 1421 3818 Burrus,
1439 3732 1540 3824 Nux,
1563 3738 1693 3823 Alnus,
1712 3740 1838 3833 Qen-

300 3831 381 3913 c'us,¹
407 3826 505 3899 'l’iliu
554 3824 695 3917 Necesse
714 3831 802 3901 enirn
824 3829 870 3899 est
890 3846 926 3898 ut
949 3825 1057 3921 Ligna
1085 3832 1120 3899 in
1144 3828 1277 3899 clibano
1301 3830 1430 3919 pislotis
1453 3832 1510 3897 diu
1530 3832 1685 3921 iaceant,
1709 3855 1746 3907 nt
1769 3858 1834 3911 ern

186 4000 192 4011 ,
300 3928 402 3997 terior
421 3944 534 3997 cortex
559 3923 731 4021 nigrescet:
756 3922 916 3994 Praeterea
938 3918 1109 3995 Electricn
1130 3922 1202 3993 sunt
1220 3922 1353 4005 calida,
1371 3926 1420 3994 uti
1444 3922 1560 4011 Ebur,
1585 3924 1664 4014 Or,
1683 3928 1833 4028 cornu,

301 4019 458 4106 Bnlaena,
484 4020 651 4103 Conone,
678 4018 847 4099 Corium,
875 4015 1140 4108 Pergamenum,
1166 4016 1338 4108 Lapides,
1364 4016 1541 4107 Marmor,
1565 4023 1599 4095 in
1625 4026 1743 4116 quibus
1766 4029 1825 4103 sri-

302 4120 455 4210 gentibus
475 4115 673 4191 enuncias
701 4114 790 4187 nulla
817 4111 948 4182 excitari
971 4113 1103 4204 potell:
1132 4134 1175 4189 an
1199 4115 1276 4209 quia
1300 4114 1507 4211 aliquantum.
1524 4119 1663 4195 humore
1689 4125 1830 4200 interno.

1081 4252 1085 4257 .
1754 4245 1832 4296 m„

336 4322 396 4401 (a)
418 4329 571 4391 i'Histoire
591 4329 628 4390 de
650 4327 762 4389 i'hcad.
786 4329 864 4405 llop.
888 4323 939 4387 ho.
959 4342 1045 4401 tzar.
1066 4343 1136 4405 pap.
1153 4341 1203 4403 ςτ.
1238 4282 1241 4286 Δ
1339 4328 1342 4333 “

337 4409 396 4483 lh)
418 4409 511 4483 Boyle
534 4409 570 4467 de
593 4409 747 4485 Armorph.
770 4407 860 4482 Corp.
883 4404 1004 4466 Consist.
1026 4424 1092 4485 pag.
1110 4424 1141 4481 9.

229 4488 232 4493 '
335 4478 394 4562 (e)
415 4486 611 4549 lsrrtaenstein
634 4488 747 4549 Theor.
770 4486 876 4546 Elem.
897 4482 988 4560 §.up
1008 4502 1076 4564 pag.
1089 4502 1120 4559 4.
1185 4506 1189 4513 ·

336 4564 397 4647 (ri)
417 4563 514 4631 i'ldlh.
534 4563 574 4629 de.
592 4565 705 4633 l'hrad.
724 4564 882 4657 deherlln
898 4563 1058 4675 h00uzsd,
1074 4579 1230 4647 partun,
1379 4584 1456 4621 n:-n
