4546 6080
483 400 489 428 l

458 204 638 352 'rm
754 185 1911 344 usoscrauarrons

561 439 784 532 quodcunque
809 439 843 506 in
865 453 1012 506 extremo
1032 434 1066 506 A
1088 432 1134 504 eli
1157 431 1355 524 aliquantum
1379 437 1545 534 rigidum,
1570 442 1711 534 ideoque
1736 447 1870 522 flexioni
1895 455 2022 528 resrllitr
2047 455 2087 530 dt

562 535 723 609 siaxieuli
746 537 779 604 in
801 533 937 603 modurn
966 533 1150 604 extremitas
1180 531 1214 602 A
1239 531 1276 601 lit
1301 530 1502 624 fabrefatta,
1536 537 1731 616 oscillatorio
1765 568 1859 620 motu
1881 545 2026 624 attritum
2051 555 2087 626 ln

561 633 634 706 ansa
660 633 808 726 patitur,
841 631 898 722 qui
928 631 1049 702 etiamst
1075 627 1221 715 abesset,
1253 627 1463 704 nihilominus
1481 635 1653 709 refistentia
1676 638 1767 712 fluidi
1792 647 1825 715 in
1850 669 1955 720 vacuo
1981 652 2092 742 super·

561 731 626 800 est:
652 729 851 820 quaomnia
873 725 1036 816 efficiunt,
1061 749 1097 800 ut
1119 729 1211 801 brevi
1232 747 1380 822 tempore
1405 751 1503 804 omne
1528 737 1701 808 excitatum
1726 741 1758 810 in
1774 740 1991 824 oscillationes
2002 769 2093 842 pen.

561 827 693 920 dulum,
718 823 830 898 amisso
851 843 964 911 motu,
989 827 1142 918 quiescat.
1164 835 1168 844 ’

607 939 638 1038 5.
664 937 861 1012 DCXLVI.
887 939 921 1011 si
949 937 1127 1031 pendulum
1156 937 1227 1010 AB
1253 937 1412 1014 elevatum
1435 941 1477 1012 ad
1501 939 1534 1014 C
1555 902 1677 1018 ιὁοίηάε
1702 929 1841 1022 laxatum
1867 953 2032 1028 laberetur
2053 959 2093 1030 'in

560 1039 683 1112 chorda
708 1038 806 1124 CB,
832 1032 1098 1110 &adscenderet
1127 1039 1162 1109 in
1182 1035 1305 1108 chorda
1325 1034 1419 1124 DB,
1445 1059 1543 1132 atque
1567 1064 1684 1116 omnes
1708 1045 1924 1121 oscillationea
1949 1052 2094 1143 perfice·

464 1129 473 1147 '
559 1159 610 1210 ret
632 1141 666 1208 in
691 1135 876 1226 hujusmodi
899 1133 1030 1206 chordis
1063 1133 1165 1220 CB,
1203 1131 1297 1220 FB,
1329 1131 1434 1221 BD,
1473 1136 1581 1227 BG,
1616 1163 1685 1234 quo
1710 1162 1859 1235 tempore
1883 1168 2091 1238 percurreret

557 1257 657 1307 unam
679 1234 837 1304 chordam
859 1235 907 1304 uti
931 1231 1023 1320 CB,
1049 1253 1146 1329 grave
1169 1231 1271 1302 libere
1289 1231 1411 1324 lapsum
1433 1255 1634 1326 percurreret
1658 1239 1850 1322 diametrum
1869 1245 1981 1316 circuli
1998 1245 2093 1332 LB,

559 1331 623 1404 sive
647 1332 779 1424 duplam
805 1329 1044 1424 longitudinem
1068 1329 1203 1421 penduli
1228 1329 1319 1423 ΑΒ,
1341 1353 1401 1422 per
1419 1329 1451 1428 5.
1470 1334 1553 1424 619.
1580 1331 1616 1405 B
1639 1335 1662 1406 li
1688 1357 1757 1409 tum
1782 1360 1932 1430 peteret
1957 1342 2094 1417 adscen-

462 1465 465 1476 ·
557 1429 637 1501 dere
658 1433 692 1500 in
711 1427 833 1500 chorda
858 1425 960 1512 BD,
986 1447 1059 1498 toto
1084 1447 1234 1518 ternpore
1255 1449 1365 1500 motus
1387 1429 1481 1522 super
1505 1431 1635 1502 chordis
1661 1433 1754 1520 CB,
1787 1437 1818 1509 B
1884 1487 1896 1522 ,
1929 1461 2029 1536 grave
2055 1441 2090 1512 11.

555 1525 637 1598 bere
660 1525 782 1612 lapsum
805 1543 1007 1615 percurreret
1028 1522 1165 1616 spatium
1195 1525 1415 1620 quadruplum
1438 1525 1536 1615 LB,
1570 1529 1634 1602 five
1656 1534 1735 1604 osio
1758 1533 1980 1632 longitudines
2007 1559 2093 1630 pen·

456 1615 464 1634 ⁸
528 1620 625 1718 ‚duh
646 1623 741 1707 AB,
765 1643 825 1712 per
848 1617 881 1717 5.
906 1641 990 1712 342.

607 1731 638 1830 5.
663 1729 880 1808 DCXLVII.
907 1733 996 1832 Quia
1012 1753 1113 1808 omne
1136 1757 1388 1831 corpusgraue,
1413 1737 1477 1812 live
1500 1761 1655 1840 magnum
1679 1743 1732 1816 uel
1756 1766 1912 1834 paruum,
1938 1753 2009 1840 pari
2038 1771 2095 1822 ue·

557 1833 690 1904 incitate
711 1836 745 1905 in
768 1853 872 1905 vacuo
894 1831 1030 1917 labitur,
1051 1851 1165 1923 patet,
1191 1833 1254 1906 five
1274 1835 1421 1924 pendulo
1447 1837 1515 1908 AB
1541 1839 1672 1930 pondus
1697 1861 1852 1937 magnum
1876 1843 1929 1917 vel
1953 1865 2099 1936 parvum

557 1930 596 2002 stt
620 1929 821 2024 appensum,
846 1929 1064 2004 oscillationes
1089 1930 1205 2023 aequali
1231 1951 1380 2024 ternpore
1403 1933 1529 2026 perfici.
1888 2021 1891 2028 Ι

606 2047 638 2138 5.
663 2043 897 2119 DCXLVIll.
923 2045 1012 2118 Cum
1044 2045 1177 2117 chordae
1205 2067 1412 2138 quaecunque
1443 2047 1550 2135 CB,
1582 2047 1651 2123 FB
1687 2050 1865 2144 equalibus
1889 2057 2100 2144 temporibus

481 2186 489 2200 ·
548 2165 577 2232 ,a
611 2147 699 2242 gravi
719 2161 951 2237 percurruntur
975 2144 1010 2232 ς.
1025 2144 1109 2234 619.
1133 2142 1269 2236 penduli
1296 2143 1369 2216 AB
1395 2165 1507 2218 motus
1531 2147 1567 2219 in
1592 2147 1754 2235 chordis,
1789 2147 1853 2224 save
1877 2153 2008 2247 magnis
2033 2151 2098 2224 five

462 2261 507 2289 ··
557 2245 686 2338 parvis,
712 2243 830 2332 aequali
852 2261 1001 2331 tempore
1026 2239 1245 2313 absolvuntur.
2090 2275 2094 2280 ·

606 2347 638 2444 5.
662 2343 866 2418 DCXLIX.
893 2347 927 2414 Si
948 2343 1127 2432 pendulum
1152 2345 1223 2413 AB
1247 2346 1397 2415 oscillans
1421 2363 1515 2416 arcus
1535 2347 1648 2418 circuli
1672 2347 1851 2420 admodum
1875 2371 1995 2440 parvos
2023 2375 2098 2446 per·

455 2435 463 2450 ’
555 2461 684 2527 currat,
710 2461 861 2533 tempora
885 2437 1122 2510 oscillationum
1146 2459 1223 2512 cunr
1245 2442 1284 2510 iis
1308 2443 1459 2532 corporis
1484 2442 1519 2514 in
1543 2441 1674 2514 chordis
1699 2465 1831 2528 arcuum
1856 2453 1937 2520 moti
1963 2447 2096 2524 suntin

452 2587 460 2604 ·
556 2542 717 2616 constanti
741 2541 896 2622 ratione,
932 2559 1006 2628 quae
1025 2536 1071 2608 est
1096 2557 1132 2608 ut
1156 2537 1317 2630 quadrans
1343 2539 1538 2630 peripheriae
1561 2541 1673 2610 circuli
1697 2541 1739 2610 ad
1764 2541 1987 2618 diametrum:
2019 2547 2096 2620 ideo

557 2637 694 2732 penduli
720 2635 935 2707 oscillationes
951 2655 1058 2724 parvae
1088 2638 1122 2706 in
1142 2637 1306 2722 arcubus,
1338 2637 1415 2706 licet
1439 2635 1680 2725 inequalibus,
1714 2640 1783 2726 pari
1809 2659 1960 2732 ternpore
1986 2645 2099 2737 quoad

559 2734 683 2808 sensum
706 2731 946 2824 perficiuntur,
980 2731 1071 2824 quod
1095 2733 1255 2804 constabit
1275 2751 1316 2804 ex
1340 2730 1616 2805 demonstratione
1640 2731 1772 2803 inferius
1796 2737 1830 2805 in
1855 2735 1888 2831 5.
1905 2742 1990 2832 657.
2017 2743 2098 2815 dan.

560 2833 612 2906 da.
664 2829 756 2902 Cum
781 2828 963 2920 peripheria
987 2830 1100 2902 circuli
1120 2828 1166 2900 est
1188 2849 1356 2922 utcunque
1383 2829 1426 2900 ad
1449 2829 1641 2898 diametrum
1667 2831 1714 2898 uti
1742 2848 1813 2920 314
1838 2834 1880 2902 ad
1909 2856 1990 2905 roo.
2016 2860 2099 2930 qua·

565 2930 660 3003 drans
684 2927 876 3019 peripheria
897 2927 944 2999 ell
969 2928 1010 2998 ad
1040 2929 1230 3000 diametrum
1251 2931 1299 2999 uti
1313 2921 1385 3020 78}
1412 2925 1454 2996 ad
1486 2921 1573 2996 roo?
1590 2943 1720 3016 tempus
1745 2927 1842 3022 igitur
1867 2950 1935 3020 quo
1960 2953 2098 3022 percur·
2146 3013 2149 3023 ,

562 3029 643 3100 titur
658 3023 857 3109 arcusFB,
882 3027 943 3096 erit
958 3025 1000 3095 ad
1023 3044 1171 3119 tempus,
1197 3047 1265 3116 quo
1288 3025 1487 3116 percurritur
1511 3021 1634 3093 chorda
1659 3021 1756 3107 FB,
1781 3027 1829 3094 uti
1853 3023 1927 3118 78}
1951 3029 1993 3099 ad
2014 3051 2096 3102 roo.

560 3122 646 3194 adeo
663 3139 700 3192 ut
715 3121 815 3216 longe
833 3122 927 3192 citius
946 3143 966 3192 a
988 3127 1076 3218 gravi
1098 3143 1303 3215 percurratur
1322 3143 1436 3202 arcus,
1462 3141 1560 3212 quam
1585 3119 1709 3191 chorda
1732 3113 1841 3192 redint
1875 3121 1987 3195 Simile
2011 3125 2097 3217 quid

560 3223 597 3292 in
619 3218 689 3290 aliis
711 3221 816 3290 curvis
840 3217 953 3290 locum
983 3219 1109 3302 hahet,
1143 3219 1222 3289 loco
1251 3219 1331 3290 radii
1361 3217 1504 3300 circuli,
1540 3219 1684 3306 capiatur
1707 3217 1814 3288 radius
1840 3219 1941 3294 osculi
1965 3243 2008 3294 ex
2032 3223 2097 3296 illis
2177 3276 2181 3284 .

407 3383 409 3388 ,
560 3319 687 3402 curvis,
713 3319 761 3400 uti
785 3318 1009 3408 experitneuto
1029 3317 1207 3408 probamus
1229 3314 1271 3385 ad
1300 3313 1459 3386 nemum:
1484 3311 1570 3383 linea
1594 3329 1702 3384 autem
1728 3314 1898 3388 brevissimi
1923 3319 2096 3394 descensus

437 3525 512 3596 raa.

417 3604 499 3700 xus

418 3685 481 3766 Fu.
492 3700 518 3756 ς.

439 3830 515 3893 Tab.
566 3865 570 3876 ·
618 3837 649 3942 5.
675 3839 808 3916 DCLl.
833 3839 867 3912 Si
889 3839 963 3911 haec
982 3837 1119 3931 Cyclois
1138 3837 1299 3910 dividatur
1317 3839 1353 3907 in
1373 3831 1483 3904 medio
1508 3831 1563 3920 B,
1587 3833 1721 3926 e’usque
1745 3851 1851 3928 partes
1876 3835 1971 3924 BA,
2004 3831 2100 3930 BD,

420 3909 502 3973 xvl.

419 3991 520 4066 Fls-5·

563 3415 610 3488 est
634 3412 782 3504 cyclois.

616 3523 648 3624 5.
671 3521 788 3598 DCL.
813 3523 862 3597 Sit
880 3524 1021 3598 circulus
1039 3525 1184 3611 FEB,
1216 3527 1273 3617 qui
1294 3539 1460 3608 vertatur,
1493 3521 1571 3592 dum
1596 3539 1747 3594 movenrr
1774 3523 1868 3614 super
1891 3529 1976 3598 retia
2003 3527 2101 3615 DA,
2239 3553 2240 3560 ¹

570 3627 766 3796 circurnasgo
785 3641 865 3794 Itoto
888 3623 1038 3711 circulo,
1064 3627 1223 3717 punslum
1246 3618 1484 3716 peripheriaeB
1509 3619 1666 3714 depinget
1689 3639 1819 3693 curvam
1844 3620 1996 3713 DBA,
2029 3649 2102 3720 quae

567 3741 701 3800 vocatur
744 3747 784 3816 pc
797 3745 854 3795 ors.

569 3961 753 4037 ponantur,
778 3958 814 4009 ut
832 3941 1049 4009 extremitates
1071 3938 1104 4008 A
1129 3929 1221 4008 &D
1243 3935 1420 4030 jungantur
1444 3931 1476 4002 in
1502 3930 1566 4025 C,
1593 3857 1627 4004 ὲ(
1651 3930 1809 4004 formetur
1834 3933 1937 4029 figura
1962 3937 2100 4014 ACD.

570 4041 623 4110 bit
641 4038 705 4132 jam
726 4035 904 4129 pendulum
930 4033 1142 4132 longitudinis
1165 4033 1258 4116 CB,
1284 4053 1358 4122 quae
1379 4029 1426 4100 est
1449 4029 1580 4142 aequalis
1605 4029 1746 4100 dimidiae
1770 4031 1926 4120 Cycloidi
1951 4033 2103 4110 Cri-vel

572 4135 672 4222 CD,
696 4137 781 4250 adeo
802 4152 839 4204 ut
858 4153 926 4204 tota
945 4132 1118 4232 longitudo
1141 4129 1314 4246 Cycloidis
1331 4129 1368 4200 lit
1391 4126 1494 4244 duplo
1518 4149 1621 4220 maJor
1635 4127 1839 4266 quamq&
1865 4132 2010 4220 proinde
2025 4155 2103 4225 qua·

569 4225 2102 4430 hffimmmffihhffiffimBmthhhh
2239 4349 2240 4358 ψ

568 4430 614 4502 ad
641 4427 719 4504 AC
752 4425 787 4500 dt
814 4423 922 4517 CD,
955 4447 1052 4528 graue
1080 4423 1107 4499 P
1132 4424 1278 4524 pendulo
1302 4423 1464 4497 adnexum
1497 4419 1696 4512 Cyeloidem
1722 4422 1859 4496 eandem
1883 4421 2007 4496 ABD
2029 4423 2097 4496 sor·

565 4535 687 4678 3¹³²*
1892 4613 2096 4717 tuctu.
