<?xml version="1.0" encoding="UTF-8"?>
<!DOCTYPE html PUBLIC "-//W3C//DTD XHTML 1.0 Transitional//EN"
    "http://www.w3.org/TR/xhtml1/DTD/xhtml1-transitional.dtd">
<html xmlns="http://www.w3.org/1999/xhtml" xml:lang="en" lang="en">
 <head>
  <title>
</title>
<meta http-equiv="Content-Type" content="text/html;charset=utf-8" />
  <meta name='ocr-system' content='tesseract 3.04.00' />
  <meta name='ocr-capabilities' content='ocr_page ocr_carea ocr_par ocr_line ocrx_word'/>
</head>
<body>
  <div class='ocr_page' id='page_1' title='image "./introductioadph01lulogoog_0259.png"; bbox 0 0 4546 6080; ppageno 0'>
   <div class='ocr_carea' id='block_1_1' title="bbox 486 277 1903 480">
    <p class='ocr_par' dir='ltr' id='par_1_1' title="bbox 486 277 1903 480">
     <span class='ocr_line' id='line_1_1' title="bbox 486 277 1903 480; baseline -0.003 -24"><span class='ocrx_word' id='word_1_1' title='bbox 486 277 496 296; x_wconf 38' lang='lat'><em>⁶</em></span> <span class='ocrx_word' id='word_1_2' title='bbox 590 393 675 480; x_wconf 71' lang='lat' dir='ltr'><strong>aas</strong></span> <span class='ocrx_word' id='word_1_3' title='bbox 830 357 926 458; x_wconf 76' lang='lat' dir='ltr'><strong>ns</strong></span> <span class='ocrx_word' id='word_1_4' title='bbox 966 349 1291 448; x_wconf 74' lang='lat' dir='ltr'><strong>cortrone</strong></span> <span class='ocrx_word' id='word_1_5' title='bbox 1325 351 1551 466; x_wconf 80' lang='lat' dir='ltr'><strong>nuno,</strong></span> <span class='ocrx_word' id='word_1_6' title='bbox 1579 351 1903 472; x_wconf 69' lang='lat' dir='ltr'><strong>rasoria,</strong></span> 
     </span>
    </p>
   </div>
   <div class='ocr_carea' id='block_1_2' title="bbox 456 519 2113 859">
    <p class='ocr_par' dir='ltr' id='par_1_2' title="bbox 456 519 2113 859">
     <span class='ocr_line' id='line_1_2' title="bbox 588 519 2113 654; baseline -0.006 -14"><span class='ocrx_word' id='word_1_7' title='bbox 588 559 685 640; x_wconf 83' lang='grc' dir='ltr'><strong>ΒΜ.</strong></span> <span class='ocrx_word' id='word_1_8' title='bbox 708 573 908 654; x_wconf 75' lang='lat' dir='ltr'><strong>occupantes</strong></span> <span class='ocrx_word' id='word_1_9' title='bbox 935 551 1073 628; x_wconf 88' lang='lat' dir='ltr'><strong>eandem</strong></span> <span class='ocrx_word' id='word_1_10' title='bbox 1105 547 1338 636; x_wconf 87' lang='lat' dir='ltr'><strong>latitudinem,</strong></span> <span class='ocrx_word' id='word_1_11' title='bbox 1372 570 1470 642; x_wconf 87' lang='lat' dir='ltr'><strong>quam</strong></span> <span class='ocrx_word' id='word_1_12' title='bbox 1495 569 1571 628; x_wconf 88' lang='lat' dir='ltr'><strong>ante</strong></span> <span class='ocrx_word' id='word_1_13' title='bbox 1595 519 1787 628; x_wconf 80' lang='lat' dir='ltr'><strong>exhaustum</strong></span> <span class='ocrx_word' id='word_1_14' title='bbox 1808 557 1944 645; x_wconf 75' lang='lat' dir='ltr'><strong>airon,</strong></span> <span class='ocrx_word' id='word_1_15' title='bbox 1977 555 2014 636; x_wconf 78' lang='lat' dir='ltr'><strong>dt</strong></span> <span class='ocrx_word' id='word_1_16' title='bbox 2035 585 2113 642; x_wconf 69' lang='lat' dir='ltr'><strong>m</strong></span> 
     </span>
     <span class='ocr_line' id='line_1_3' title="bbox 586 645 2060 734; baseline -0.007 -2"><span class='ocrx_word' id='word_1_17' title='bbox 586 659 794 734; x_wconf 82' lang='lat' dir='ltr'>insertionem</span> <span class='ocrx_word' id='word_1_18' title='bbox 811 658 846 727; x_wconf 93' lang='lat' dir='ltr'><strong>in</strong></span> <span class='ocrx_word' id='word_1_19' title='bbox 868 649 1023 724; x_wconf 88' lang='lat' dir='ltr'><strong>annulum</strong></span> <span class='ocrx_word' id='word_1_20' title='bbox 1047 645 1120 721; x_wconf 90' lang='grc' dir='ltr'><strong>ΡΝ</strong></span> <span class='ocrx_word' id='word_1_21' title='bbox 1133 649 1171 718; x_wconf 85' lang='lat' dir='ltr'><strong>L.</strong></span> <span class='ocrx_word' id='word_1_22' title='bbox 1619 692 1622 702; x_wconf 90' lang='lat'>·</span> <span class='ocrx_word' id='word_1_23' title='bbox 2055 714 2060 722; x_wconf 89' lang='lat'><em>.</em></span> 
     </span>
     <span class='ocr_line' id='line_1_4' title="bbox 456 753 2109 859; baseline 0.015 -43"><span class='ocrx_word' id='word_1_24' title='bbox 456 753 533 818; x_wconf 76' lang='lat' dir='ltr'><strong>Tro.</strong></span> <span class='ocrx_word' id='word_1_25' title='bbox 588 832 593 845; x_wconf 29' lang='lat'><strong><em>¹</em></strong></span> <span class='ocrx_word' id='word_1_26' title='bbox 635 761 667 859; x_wconf 69' lang='lat'><strong>5.</strong></span> <span class='ocrx_word' id='word_1_27' title='bbox 691 755 941 834; x_wconf 86' lang='lat' dir='ltr'><strong>DCCLXVll.</strong></span> <span class='ocrx_word' id='word_1_28' title='bbox 966 756 1034 830; x_wconf 82' lang='lat' dir='ltr'><strong>Alii</strong></span> <span class='ocrx_word' id='word_1_29' title='bbox 1056 753 1247 846; x_wconf 88' lang='lat' dir='ltr'><strong>Philosophi</strong></span> <span class='ocrx_word' id='word_1_30' title='bbox 1268 755 1397 827; x_wconf 87' lang='lat' dir='ltr'><strong>causam</strong></span> <span class='ocrx_word' id='word_1_31' title='bbox 1425 755 1616 830; x_wconf 87' lang='lat' dir='ltr'><strong>elasticitatis</strong></span> <span class='ocrx_word' id='word_1_32' title='bbox 1636 760 1824 858; x_wconf 68' lang='lat' dir='ltr'>indagantes</span> <span class='ocrx_word' id='word_1_33' title='bbox 1853 766 1965 840; x_wconf 88' lang='lat' dir='ltr'><strong>animo</strong></span> <span class='ocrx_word' id='word_1_34' title='bbox 1988 786 2109 846; x_wconf 82' lang='lat' dir='ltr'><strong>conoe·</strong></span> 
     </span>
    </p>
   </div>
   <div class='ocr_carea' id='block_1_3' title="bbox 440 834 2047 974">
    <p class='ocr_par' dir='ltr' id='par_1_3' title="bbox 440 834 2047 974">
     <span class='ocr_line' id='line_1_5' title="bbox 440 834 2047 974; baseline 0.026 -78"><span class='ocrx_word' id='word_1_35' title='bbox 440 834 546 974; x_wconf 59' lang='lat' dir='ltr'><strong>xiiiio</strong></span> <span class='ocrx_word' id='word_1_36' title='bbox 588 878 706 952; x_wconf 85' lang='lat' dir='ltr'><strong>petunt</strong></span> <span class='ocrx_word' id='word_1_37' title='bbox 718 857 888 948; x_wconf 59' lang='lat' dir='ltr'><strong>corporis,</strong></span> <span class='ocrx_word' id='word_1_38' title='bbox 911 856 962 941; x_wconf 79' lang='lat' dir='ltr'><strong>A,</strong></span> <span class='ocrx_word' id='word_1_39' title='bbox 990 853 1041 938; x_wconf 88' lang='grc' dir='ltr'><strong>Β,</strong></span> <span class='ocrx_word' id='word_1_40' title='bbox 1067 849 1122 938; x_wconf 88' lang='lat' dir='ltr'><strong>C,</strong></span> <span class='ocrx_word' id='word_1_41' title='bbox 1146 873 1216 924; x_wconf 90' lang='lat' dir='ltr'><strong>norr</strong></span> <span class='ocrx_word' id='word_1_42' title='bbox 1232 850 1343 925; x_wconf 84' lang='lat' dir='ltr'><strong>inflexi</strong></span> <span class='ocrx_word' id='word_1_43' title='bbox 1363 852 1537 945; x_wconf 83' lang='lat' dir='ltr'><strong>poroselse</strong></span> <span class='ocrx_word' id='word_1_44' title='bbox 1552 857 1766 944; x_wconf 79' lang='lat' dir='ltr'><strong>cylindricos‚</strong></span> <span class='ocrx_word' id='word_1_45' title='bbox 1790 857 1867 932; x_wconf 82' lang='lat' dir='ltr'><strong>flexi</strong></span> <span class='ocrx_word' id='word_1_46' title='bbox 1881 865 2047 956; x_wconf 58' lang='lat' dir='ltr'><strong>verum</strong></span> 
     </span>
    </p>
   </div>
   <div class='ocr_carea' id='block_1_4' title="bbox 437 894 2107 989">
    <p class='ocr_par' dir='ltr' id='par_1_4' title="bbox 437 894 2107 989">
     <span class='ocr_line' id='line_1_6' title="bbox 437 894 2107 989; baseline 0.003 -13"><span class='ocrx_word' id='word_1_47' title='bbox 437 912 498 989; x_wconf 74' lang='lat' dir='ltr'><strong>ru,</strong></span> <span class='ocrx_word' id='word_1_48' title='bbox 2055 894 2107 960; x_wconf 50' lang='grc' dir='ltr'><strong>’ἢ</strong></span> 
     </span>
    </p>
   </div>
   <div class='ocr_carea' id='block_1_5' title="bbox 353 949 2271 4544">
    <p class='ocr_par' dir='ltr' id='par_1_5' title="bbox 353 949 2271 4544">
     <span class='ocr_line' id='line_1_7' title="bbox 547 949 2107 1056; baseline 0.003 -28"><span class='ocrx_word' id='word_1_49' title='bbox 547 949 556 972; x_wconf 91' lang='grc'><strong>’</strong></span> <span class='ocrx_word' id='word_1_50' title='bbox 586 954 652 1030; x_wconf 84' lang='lat' dir='ltr'><strong>elle</strong></span> <span class='ocrx_word' id='word_1_51' title='bbox 682 957 841 1039; x_wconf 83' lang='lat' dir='ltr'><strong>eunicus,</strong></span> <span class='ocrx_word' id='word_1_52' title='bbox 863 969 994 1043; x_wconf 87' lang='lat' dir='ltr'><strong>aparte</strong></span> <span class='ocrx_word' id='word_1_53' title='bbox 1016 951 1170 1023; x_wconf 84' lang='lat' dir='ltr'>exteriori</span> <span class='ocrx_word' id='word_1_54' title='bbox 1193 949 1245 1035; x_wconf 89' lang='lat' dir='ltr'><strong>k,</strong></span> <span class='ocrx_word' id='word_1_55' title='bbox 1268 973 1320 1034; x_wconf 83' lang='lat' dir='ltr'><strong>nt,</strong></span> <span class='ocrx_word' id='word_1_56' title='bbox 1344 951 1505 1036; x_wconf 89' lang='lat' dir='ltr'><strong>latiores,</strong></span> <span class='ocrx_word' id='word_1_57' title='bbox 1530 951 1573 1048; x_wconf 74' lang='lat' dir='ltr'><strong>alp</strong></span> <span class='ocrx_word' id='word_1_58' title='bbox 1595 953 1739 1025; x_wconf 89' lang='lat' dir='ltr'><strong>interiori</strong></span> <span class='ocrx_word' id='word_1_59' title='bbox 1760 955 1804 1048; x_wconf 87' lang='lat' dir='ltr'><strong>d,</strong></span> <span class='ocrx_word' id='word_1_60' title='bbox 1820 981 1862 1046; x_wconf 77' lang='lat' dir='ltr'><strong>a,</strong></span> <span class='ocrx_word' id='word_1_61' title='bbox 1888 961 2107 1056; x_wconf 69' lang='lat' dir='ltr'><strong>angustiorem</strong></span> 
     </span>
     <span class='ocr_line' id='line_1_8' title="bbox 587 1043 2111 1148; baseline 0.003 -20"><span class='ocrx_word' id='word_1_62' title='bbox 587 1052 707 1128; x_wconf 89' lang='lat' dir='ltr'><strong>deinde</strong></span> <span class='ocrx_word' id='word_1_63' title='bbox 728 1051 854 1143; x_wconf 90' lang='lat' dir='ltr'><strong>opinati</strong></span> <span class='ocrx_word' id='word_1_64' title='bbox 868 1045 1098 1120; x_wconf 84' lang='lat' dir='ltr'><strong>subtililllmum</strong></span> <span class='ocrx_word' id='word_1_65' title='bbox 1115 1045 1233 1118; x_wconf 78' lang='lat' dir='ltr'><strong>athera</strong></span> <span class='ocrx_word' id='word_1_66' title='bbox 1248 1043 1353 1120; x_wconf 87' lang='lat' dir='ltr'><strong>latiori</strong></span> <span class='ocrx_word' id='word_1_67' title='bbox 1372 1068 1464 1140; x_wconf 85' lang='lat' dir='ltr'><strong>parte</strong></span> <span class='ocrx_word' id='word_1_68' title='bbox 1490 1050 1533 1134; x_wconf 85' lang='lat' dir='ltr'><strong>lc,</strong></span> <span class='ocrx_word' id='word_1_69' title='bbox 1547 1071 1603 1134; x_wconf 87' lang='lat' dir='ltr'><strong>nr,</strong></span> <span class='ocrx_word' id='word_1_70' title='bbox 1627 1048 1762 1122; x_wconf 85' lang='lat' dir='ltr'><strong>influere</strong></span> <span class='ocrx_word' id='word_1_71' title='bbox 1785 1053 1898 1144; x_wconf 85' lang='lat' dir='ltr'><strong>majori</strong></span> <span class='ocrx_word' id='word_1_72' title='bbox 1920 1061 2111 1148; x_wconf 82' lang='lat' dir='ltr'><strong>copit,aut</strong></span> 
     </span>
     <span class='ocr_line' id='line_1_9' title="bbox 584 1143 2109 1252; baseline 0.003 -30"><span class='ocrx_word' id='word_1_73' title='bbox 584 1149 732 1236; x_wconf 77' lang='lat' dir='ltr'><strong>facilius,</strong></span> <span class='ocrx_word' id='word_1_74' title='bbox 756 1167 856 1239; x_wconf 88' lang='lat' dir='ltr'><strong>quam</strong></span> <span class='ocrx_word' id='word_1_75' title='bbox 882 1143 1004 1218; x_wconf 88' lang='lat' dir='ltr'><strong>efluete</strong></span> <span class='ocrx_word' id='word_1_76' title='bbox 1026 1165 1069 1218; x_wconf 83' lang='lat' dir='ltr'><strong>ex</strong></span> <span class='ocrx_word' id='word_1_77' title='bbox 1088 1145 1181 1234; x_wconf 57' lang='grc' dir='ltr'><strong>ἅμ,</strong></span> <span class='ocrx_word' id='word_1_78' title='bbox 1205 1143 1356 1236; x_wconf 77' lang='lat' dir='ltr'><strong>adeoque</strong></span> <span class='ocrx_word' id='word_1_79' title='bbox 1379 1165 1455 1217; x_wconf 92' lang='lat' dir='ltr'><strong>eum</strong></span> <span class='ocrx_word' id='word_1_80' title='bbox 1477 1147 1658 1242; x_wconf 80' lang='lat' dir='ltr'><strong>impingere</strong></span> <span class='ocrx_word' id='word_1_81' title='bbox 1679 1145 1799 1233; x_wconf 86' lang='lat' dir='ltr'><strong>latera,</strong></span> <span class='ocrx_word' id='word_1_82' title='bbox 1823 1152 1893 1242; x_wconf 83' lang='lat' dir='ltr'><strong>ad,</strong></span> <span class='ocrx_word' id='word_1_83' title='bbox 1911 1154 1970 1245; x_wconf 83' lang='lat' dir='ltr'><strong>ld,</strong></span> <span class='ocrx_word' id='word_1_84' title='bbox 1987 1159 2109 1252; x_wconf 59' lang='grc' dir='ltr'><strong>ἕως,</strong></span> 
     </span>
     <span class='ocr_line' id='line_1_10' title="bbox 585 1239 2111 1343; baseline 0.003 -25"><span class='ocrx_word' id='word_1_85' title='bbox 585 1246 708 1336; x_wconf 91' lang='lat' dir='ltr'><strong>illaque</strong></span> <span class='ocrx_word' id='word_1_86' title='bbox 733 1243 911 1336; x_wconf 80' lang='lat' dir='ltr'><strong>pellentem</strong></span> <span class='ocrx_word' id='word_1_87' title='bbox 930 1239 1085 1338; x_wconf 66' lang='lat' dir='ltr'><strong>renuas,</strong></span> <span class='ocrx_word' id='word_1_88' title='bbox 1103 1267 1146 1340; x_wconf 83' lang='lat' dir='ltr'><strong>g,</strong></span> <span class='ocrx_word' id='word_1_89' title='bbox 1170 1240 1216 1336; x_wconf 85' lang='lat' dir='ltr'><strong>h,</strong></span> <span class='ocrx_word' id='word_1_90' title='bbox 1241 1243 1351 1314; x_wconf 86' lang='lat' dir='ltr'><strong>conari</strong></span> <span class='ocrx_word' id='word_1_91' title='bbox 1359 1241 1513 1332; x_wconf 90' lang='lat' dir='ltr'><strong>ampliare</strong></span> <span class='ocrx_word' id='word_1_92' title='bbox 1527 1262 1651 1334; x_wconf 85' lang='lat' dir='ltr'><strong>parcam</strong></span> <span class='ocrx_word' id='word_1_93' title='bbox 1665 1243 1901 1338; x_wconf 84' lang='lat' dir='ltr'><strong>angustiorem,</strong></span> <span class='ocrx_word' id='word_1_94' title='bbox 1925 1247 2018 1343; x_wconf 88' lang='lat' dir='ltr'><strong>quod</strong></span> <span class='ocrx_word' id='word_1_95' title='bbox 2031 1254 2111 1328; x_wconf 87' lang='lat' dir='ltr'><strong>dum</strong></span> 
     </span>
     <span class='ocr_line' id='line_1_11' title="bbox 584 1337 1806 1433; baseline 0 -19"><span class='ocrx_word' id='word_1_96' title='bbox 584 1343 646 1427; x_wconf 89' lang='lat' dir='ltr'><strong>lit,</strong></span> <span class='ocrx_word' id='word_1_97' title='bbox 671 1341 871 1433; x_wconf 82' lang='lat' dir='ltr'><strong>pellerentur</strong></span> <span class='ocrx_word' id='word_1_98' title='bbox 899 1341 1015 1410; x_wconf 91' lang='lat' dir='ltr'><strong>iterum</strong></span> <span class='ocrx_word' id='word_1_99' title='bbox 1032 1360 1146 1431; x_wconf 67' lang='lat' dir='ltr'><strong>‚partes</strong></span> <span class='ocrx_word' id='word_1_100' title='bbox 1168 1341 1202 1410; x_wconf 96' lang='lat' dir='ltr'><strong>in</strong></span> <span class='ocrx_word' id='word_1_101' title='bbox 1223 1338 1316 1409; x_wconf 88' lang='lat' dir='ltr'><strong>srrum</strong></span> <span class='ocrx_word' id='word_1_102' title='bbox 1338 1337 1505 1429; x_wconf 86' lang='lat' dir='ltr'><strong>pristinum</strong></span> <span class='ocrx_word' id='word_1_103' title='bbox 1528 1343 1651 1412; x_wconf 71' lang='lat' dir='ltr'><strong>redium</strong></span> <span class='ocrx_word' id='word_1_104' title='bbox 1678 1339 1748 1412; x_wconf 82' lang='lat' dir='ltr'><strong>AB</strong></span> <span class='ocrx_word' id='word_1_105' title='bbox 1763 1340 1806 1414; x_wconf 85' lang='lat' dir='ltr'><strong>C.</strong></span> 
     </span>
     <span class='ocr_line' id='line_1_12' title="bbox 631 1433 2036 1530; baseline 0.004 -20"><span class='ocrx_word' id='word_1_106' title='bbox 631 1437 731 1510; x_wconf 89' lang='lat' dir='ltr'><strong>Licet</strong></span> <span class='ocrx_word' id='word_1_107' title='bbox 750 1436 822 1508; x_wconf 85' lang='lat' dir='ltr'><strong>haec</strong></span> <span class='ocrx_word' id='word_1_108' title='bbox 847 1433 1034 1528; x_wconf 78' lang='lat' dir='ltr'><strong>hypothelis</strong></span> <span class='ocrx_word' id='word_1_109' title='bbox 1057 1433 1094 1507; x_wconf 89' lang='lat' dir='ltr'><strong>lit</strong></span> <span class='ocrx_word' id='word_1_110' title='bbox 1125 1433 1313 1528; x_wconf 84' lang='lat' dir='ltr'><strong>ingeniosa,</strong></span> <span class='ocrx_word' id='word_1_111' title='bbox 1338 1437 1436 1506; x_wconf 93' lang='lat' dir='ltr'><strong>ineo</strong></span> <span class='ocrx_word' id='word_1_112' title='bbox 1460 1454 1567 1508; x_wconf 86' lang='lat' dir='ltr'><strong>tamen</strong></span> <span class='ocrx_word' id='word_1_113' title='bbox 1591 1437 1884 1530; x_wconf 73' lang='lat' dir='ltr'><strong>animadvertimus.</strong></span> <span class='ocrx_word' id='word_1_114' title='bbox 2031 1520 2036 1530; x_wconf 60' lang='grc'><strong>,</strong></span> 
     </span>
     <span class='ocr_line' id='line_1_13' title="bbox 637 1529 2110 1702; baseline 0.007 -94"><span class='ocrx_word' id='word_1_115' title='bbox 637 1555 690 1702; x_wconf 61' lang='lat'><strong>1⁸¹.</strong></span> <span class='ocrx_word' id='word_1_116' title='bbox 724 1531 930 1628; x_wconf 83' lang='lat' dir='ltr'><strong>Hyporhefin</strong></span> <span class='ocrx_word' id='word_1_117' title='bbox 954 1529 1019 1603; x_wconf 84' lang='lat' dir='ltr'><strong>elle</strong></span> <span class='ocrx_word' id='word_1_118' title='bbox 1046 1533 1115 1604; x_wconf 90' lang='lat' dir='ltr'><strong>dari</strong></span> <span class='ocrx_word' id='word_1_119' title='bbox 1143 1529 1314 1622; x_wconf 84' lang='lat' dir='ltr'><strong>AEthera,</strong></span> <span class='ocrx_word' id='word_1_120' title='bbox 1348 1531 1412 1606; x_wconf 84' lang='lat' dir='ltr'><strong>live</strong></span> <span class='ocrx_word' id='word_1_121' title='bbox 1439 1533 1604 1606; x_wconf 87' lang='lat' dir='ltr'><strong>materiam</strong></span> <span class='ocrx_word' id='word_1_122' title='bbox 1636 1531 1815 1626; x_wconf 88' lang='lat' dir='ltr'><strong>subtilem,</strong></span> <span class='ocrx_word' id='word_1_123' title='bbox 1838 1543 1950 1614; x_wconf 85' lang='lat' dir='ltr'><strong>omnia</strong></span> <span class='ocrx_word' id='word_1_124' title='bbox 1971 1543 2110 1638; x_wconf 86' lang='lat' dir='ltr'><strong>implen-</strong></span> 
     </span>
     <span class='ocr_line' id='line_1_14' title="bbox 581 1651 761 1708; baseline -0.033 0"><span class='ocrx_word' id='word_1_125' title='bbox 581 1651 651 1708; x_wconf 88' lang='lat' dir='ltr'><strong>tem</strong></span> <span class='ocrx_word' id='word_1_126' title='bbox 687 1652 761 1704; x_wconf 91' lang='lat' dir='ltr'><strong>oca.</strong></span> 
     </span>
     <span class='ocr_line' id='line_1_15' title="bbox 633 1724 2110 1828; baseline 0.007 -26"><span class='ocrx_word' id='word_1_127' title='bbox 633 1750 684 1802; x_wconf 68' lang='lat' dir='ltr'><strong>aa.</strong></span> <span class='ocrx_word' id='word_1_128' title='bbox 710 1727 745 1800; x_wconf 89' lang='lat' dir='ltr'><strong>Si</strong></span> <span class='ocrx_word' id='word_1_129' title='bbox 768 1749 841 1800; x_wconf 87' lang='lat' dir='ltr'><strong>earn</strong></span> <span class='ocrx_word' id='word_1_130' title='bbox 866 1727 931 1800; x_wconf 85' lang='lat' dir='ltr'><strong>else</strong></span> <span class='ocrx_word' id='word_1_131' title='bbox 949 1725 1229 1815; x_wconf 80' lang='lat' dir='ltr'><strong>concesserimus,</strong></span> <span class='ocrx_word' id='word_1_132' title='bbox 1262 1724 1298 1799; x_wconf 78' lang='lat' dir='ltr'><strong>dt</strong></span> <span class='ocrx_word' id='word_1_133' title='bbox 1322 1726 1414 1800; x_wconf 81' lang='lat' dir='ltr'><strong>fluxu</strong></span> <span class='ocrx_word' id='word_1_134' title='bbox 1434 1731 1593 1802; x_wconf 88' lang='lat' dir='ltr'><strong>continuo</strong></span> <span class='ocrx_word' id='word_1_135' title='bbox 1617 1732 1754 1828; x_wconf 86' lang='lat' dir='ltr'><strong>agitari,</strong></span> <span class='ocrx_word' id='word_1_136' title='bbox 1786 1731 1868 1808; x_wconf 88' lang='lat' dir='ltr'><strong>fluct</strong></span> <span class='ocrx_word' id='word_1_137' title='bbox 1891 1755 2014 1810; x_wconf 78' lang='lat' dir='ltr'><strong>tanturm</strong></span> <span class='ocrx_word' id='word_1_138' title='bbox 2045 1740 2110 1814; x_wconf 79' lang='lat' dir='ltr'><strong>uni</strong></span> 
     </span>
     <span class='ocr_line' id='line_1_16' title="bbox 582 1819 2110 1926; baseline 0.007 -27"><span class='ocrx_word' id='word_1_139' title='bbox 582 1823 794 1910; x_wconf 71' lang='lat' dir='ltr'><strong>direcllone,</strong></span> <span class='ocrx_word' id='word_1_140' title='bbox 824 1823 923 1897; x_wconf 87' lang='lat' dir='ltr'><strong>veluti</strong></span> <span class='ocrx_word' id='word_1_141' title='bbox 952 1829 1062 1898; x_wconf 88' lang='lat' dir='ltr'><strong>omnia</strong></span> <span class='ocrx_word' id='word_1_142' title='bbox 1095 1825 1156 1895; x_wconf 90' lang='lat' dir='ltr'><strong>alia</strong></span> <span class='ocrx_word' id='word_1_143' title='bbox 1186 1821 1285 1898; x_wconf 83' lang='lat' dir='ltr'><strong>fluida</strong></span> <span class='ocrx_word' id='word_1_144' title='bbox 1316 1819 1466 1899; x_wconf 82' lang='lat' dir='ltr'><strong>&amp;fluvii</strong></span> <span class='ocrx_word' id='word_1_145' title='bbox 1487 1846 1630 1900; x_wconf 88' lang='lat' dir='ltr'><strong>currunt.</strong></span> <span class='ocrx_word' id='word_1_146' title='bbox 1690 1827 1790 1901; x_wconf 88' lang='lat' dir='ltr'><strong>Fluat</strong></span> <span class='ocrx_word' id='word_1_147' title='bbox 1811 1833 1908 1926; x_wconf 84' lang='lat' dir='ltr'><strong>igitur</strong></span> <span class='ocrx_word' id='word_1_148' title='bbox 1931 1855 1967 1906; x_wconf 91' lang='lat' dir='ltr'><strong>ut</strong></span> <span class='ocrx_word' id='word_1_149' title='bbox 1989 1836 2110 1920; x_wconf 67' lang='grc' dir='ltr'><strong>ΑΒΕ</strong></span> 
     </span>
     <span class='ocr_line' id='line_1_17' title="bbox 581 1919 2114 2022; baseline 0.007 -28"><span class='ocrx_word' id='word_1_150' title='bbox 581 1921 738 1994; x_wconf 85' lang='lat' dir='ltr'><strong>inflexum</strong></span> <span class='ocrx_word' id='word_1_151' title='bbox 759 1924 794 1992; x_wconf 94' lang='lat' dir='ltr'><strong>in</strong></span> <span class='ocrx_word' id='word_1_152' title='bbox 819 1919 913 1992; x_wconf 89' lang='lat' dir='ltr'><strong>litum</strong></span> <span class='ocrx_word' id='word_1_153' title='bbox 932 1945 977 2016; x_wconf 85' lang='lat' dir='ltr'><strong>a,</strong></span> <span class='ocrx_word' id='word_1_154' title='bbox 997 1923 1037 2014; x_wconf 90' lang='lat' dir='ltr'><strong>b,</strong></span> <span class='ocrx_word' id='word_1_155' title='bbox 1055 1947 1094 2014; x_wconf 90' lang='lat' dir='ltr'><strong>c,</strong></span> <span class='ocrx_word' id='word_1_156' title='bbox 1119 1921 1315 2018; x_wconf 86' lang='lat' dir='ltr'><strong>ingrediatur</strong></span> <span class='ocrx_word' id='word_1_157' title='bbox 1340 1921 1469 2014; x_wconf 83' lang='lat' dir='ltr'><strong>aparte</strong></span> <span class='ocrx_word' id='word_1_158' title='bbox 1493 1923 1618 2011; x_wconf 91' lang='lat' dir='ltr'><strong>latiori,</strong></span> <span class='ocrx_word' id='word_1_159' title='bbox 1641 1919 1676 1994; x_wconf 80' lang='lat' dir='ltr'><strong>dt</strong></span> <span class='ocrx_word' id='word_1_160' title='bbox 1700 1926 1742 1997; x_wconf 88' lang='lat' dir='ltr'><strong>ab</strong></span> <span class='ocrx_word' id='word_1_161' title='bbox 1771 1928 1947 2022; x_wconf 81' lang='lat' dir='ltr'><strong>angustiori</strong></span> <span class='ocrx_word' id='word_1_162' title='bbox 1971 1931 2008 2002; x_wconf 84' lang='lat' dir='ltr'><strong>fit</strong></span> <span class='ocrx_word' id='word_1_163' title='bbox 2023 1934 2114 2006; x_wconf 90' lang='lat' dir='ltr'><strong>nulla</strong></span> 
     </span>
     <span class='ocr_line' id='line_1_18' title="bbox 580 2017 2112 2120; baseline 0.005 -30"><span class='ocrx_word' id='word_1_164' title='bbox 580 2018 754 2090; x_wconf 87' lang='lat' dir='ltr'><strong>refillcntia</strong></span> <span class='ocrx_word' id='word_1_165' title='bbox 777 2022 811 2091; x_wconf 93' lang='lat' dir='ltr'><strong>in</strong></span> <span class='ocrx_word' id='word_1_166' title='bbox 831 2019 874 2103; x_wconf 74' lang='lat' dir='ltr'><strong>d,</strong></span> <span class='ocrx_word' id='word_1_167' title='bbox 897 2043 942 2105; x_wconf 85' lang='lat' dir='ltr'><strong>e,</strong></span> <span class='ocrx_word' id='word_1_168' title='bbox 967 2017 1101 2092; x_wconf 79' lang='lat' dir='ltr'><strong>effeuus</strong></span> <span class='ocrx_word' id='word_1_169' title='bbox 1119 2017 1329 2120; x_wconf 80' lang='lat' dir='ltr'><strong>restitutionis</strong></span> <span class='ocrx_word' id='word_1_170' title='bbox 1344 2018 1419 2090; x_wconf 88' lang='lat' dir='ltr'><strong>inde</strong></span> <span class='ocrx_word' id='word_1_171' title='bbox 1435 2017 1605 2113; x_wconf 84' lang='lat' dir='ltr'><strong>sequetur:</strong></span> <span class='ocrx_word' id='word_1_172' title='bbox 1629 2042 1741 2094; x_wconf 88' lang='lat' dir='ltr'><strong>verum</strong></span> <span class='ocrx_word' id='word_1_173' title='bbox 1761 2023 1945 2096; x_wconf 86' lang='lat' dir='ltr'><strong>immediate</strong></span> <span class='ocrx_word' id='word_1_174' title='bbox 1962 2028 2035 2118; x_wconf 87' lang='lat' dir='ltr'><strong>post</strong></span> <span class='ocrx_word' id='word_1_175' title='bbox 2050 2029 2112 2101; x_wconf 58' lang='lat' dir='ltr'><strong>fle,</strong></span> 
     </span>
     <span class='ocr_line' id='line_1_19' title="bbox 578 2107 2271 2217; baseline 0.001 -29"><span class='ocrx_word' id='word_1_176' title='bbox 578 2119 688 2188; x_wconf 72' lang='lat' dir='ltr'><strong>‚oraru</strong></span> <span class='ocrx_word' id='word_1_177' title='bbox 711 2115 799 2188; x_wconf 88' lang='lat' dir='ltr'><strong>idem</strong></span> <span class='ocrx_word' id='word_1_178' title='bbox 820 2107 942 2208; x_wconf 74' lang='lat' dir='ltr'><strong>c&#39;orpus</strong></span> <span class='ocrx_word' id='word_1_179' title='bbox 965 2119 1000 2189; x_wconf 94' lang='lat' dir='ltr'><strong>in</strong></span> <span class='ocrx_word' id='word_1_180' title='bbox 1024 2118 1221 2188; x_wconf 85' lang='lat' dir='ltr'><strong>contrarium</strong></span> <span class='ocrx_word' id='word_1_181' title='bbox 1238 2115 1354 2200; x_wconf 86' lang='lat' dir='ltr'><strong>strum,</strong></span> <span class='ocrx_word' id='word_1_182' title='bbox 1377 2118 1535 2212; x_wconf 86' lang='lat' dir='ltr'><strong>anigitur</strong></span> <span class='ocrx_word' id='word_1_183' title='bbox 1550 2120 1681 2190; x_wconf 88' lang='lat' dir='ltr'><strong>materia</strong></span> <span class='ocrx_word' id='word_1_184' title='bbox 1697 2117 1819 2192; x_wconf 84' lang='lat' dir='ltr'><strong>subtilis</strong></span> <span class='ocrx_word' id='word_1_185' title='bbox 1843 2118 1882 2208; x_wconf 46' lang='lat' dir='ltr'><strong>id,</strong></span> <span class='ocrx_word' id='word_1_186' title='bbox 1895 2119 1989 2207; x_wconf 88' lang='lat' dir='ltr'><strong>sciet,</strong></span> <span class='ocrx_word' id='word_1_187' title='bbox 2013 2144 2113 2217; x_wconf 86' lang='lat' dir='ltr'><strong>atque</strong></span> <span class='ocrx_word' id='word_1_188' title='bbox 2270 2173 2271 2190; x_wconf 19' lang='grc' dir='ltr'>ἶ</span> 
     </span>
     <span class='ocr_line' id='line_1_20' title="bbox 580 2209 2271 2313; baseline 0.004 -30"><span class='ocrx_word' id='word_1_189' title='bbox 580 2212 659 2284; x_wconf 92' lang='lat' dir='ltr'><strong>ilico</strong></span> <span class='ocrx_word' id='word_1_190' title='bbox 684 2211 789 2286; x_wconf 84' lang='lat' dir='ltr'><strong>lluxus</strong></span> <span class='ocrx_word' id='word_1_191' title='bbox 813 2212 860 2285; x_wconf 89' lang='lat' dir='ltr'><strong>sui</strong></span> <span class='ocrx_word' id='word_1_192' title='bbox 883 2212 1010 2284; x_wconf 92' lang='lat' dir='ltr'><strong>cursum</strong></span> <span class='ocrx_word' id='word_1_193' title='bbox 1033 2212 1193 2284; x_wconf 78' lang='lat' dir='ltr'><strong>mutabit?</strong></span> <span class='ocrx_word' id='word_1_194' title='bbox 1219 2209 1308 2283; x_wconf 88' lang='lat' dir='ltr'><strong>Nam</strong></span> <span class='ocrx_word' id='word_1_195' title='bbox 1334 2213 1413 2284; x_wconf 89' lang='lat' dir='ltr'><strong>llur</strong></span> <span class='ocrx_word' id='word_1_196' title='bbox 1429 2233 1504 2284; x_wconf 91' lang='lat' dir='ltr'><strong>ante</strong></span> <span class='ocrx_word' id='word_1_197' title='bbox 1518 2211 1619 2287; x_wconf 86' lang='lat' dir='ltr'><strong>fluere</strong></span> <span class='ocrx_word' id='word_1_198' title='bbox 1633 2234 1767 2313; x_wconf 85' lang='lat' dir='ltr'><strong>pergat,</strong></span> <span class='ocrx_word' id='word_1_199' title='bbox 1790 2233 1981 2308; x_wconf 87' lang='lat' dir='ltr'><strong>partemque</strong></span> <span class='ocrx_word' id='word_1_200' title='bbox 2098 2261 2113 2278; x_wconf 91' lang='lat'>-</span> <span class='ocrx_word' id='word_1_201' title='bbox 2270 2215 2271 2224; x_wconf 74' lang='grc'>’</span> 
     </span>
     <span class='ocr_line' id='line_1_21' title="bbox 575 2241 2113 2412; baseline 0.003 -30"><span class='ocrx_word' id='word_1_202' title='bbox 575 2311 701 2394; x_wconf 79' lang='lat' dir='ltr'><strong>tiorem</strong></span> <span class='ocrx_word' id='word_1_203' title='bbox 722 2310 937 2408; x_wconf 84' lang='lat' dir='ltr'><strong>ingrediatur,</strong></span> <span class='ocrx_word' id='word_1_204' title='bbox 962 2309 1119 2381; x_wconf 87' lang='lat' dir='ltr'><strong>restitutio</strong></span> <span class='ocrx_word' id='word_1_205' title='bbox 1142 2307 1254 2406; x_wconf 73' lang='lat' dir='ltr'><strong>figura</strong></span> <span class='ocrx_word' id='word_1_206' title='bbox 1278 2308 1348 2380; x_wconf 88' lang='lat' dir='ltr'><strong>lieri</strong></span> <span class='ocrx_word' id='word_1_207' title='bbox 1369 2331 1438 2383; x_wconf 89' lang='lat' dir='ltr'><strong>non</strong></span> <span class='ocrx_word' id='word_1_208' title='bbox 1511 2314 1595 2383; x_wconf 81' lang='lat' dir='ltr'><strong>terit</strong></span> <span class='ocrx_word' id='word_1_209' title='bbox 1655 2309 1689 2382; x_wconf 91' lang='lat' dir='ltr'><strong>Si</strong></span> <span class='ocrx_word' id='word_1_210' title='bbox 1707 2332 1816 2384; x_wconf 89' lang='lat' dir='ltr'><strong>autem</strong></span> <span class='ocrx_word' id='word_1_211' title='bbox 1837 2331 1930 2404; x_wconf 86' lang='lat' dir='ltr'><strong>parte</strong></span> <span class='ocrx_word' id='word_1_212' title='bbox 1949 2241 2113 2412; x_wconf 46' lang='lat' dir='ltr'><strong>angm-</strong></span> 
     </span>
     <span class='ocr_line' id='line_1_22' title="bbox 579 2395 1687 2498; baseline -0.002 -21"><span class='ocrx_word' id='word_1_213' title='bbox 579 2407 791 2479; x_wconf 83' lang='lat' dir='ltr'><strong>&#39;ricontrario</strong></span> <span class='ocrx_word' id='word_1_214' title='bbox 815 2405 908 2478; x_wconf 89' lang='lat' dir='ltr'><strong>cursu</strong></span> <span class='ocrx_word' id='word_1_215' title='bbox 931 2403 1080 2491; x_wconf 88' lang='lat' dir='ltr'><strong>fluxerit,</strong></span> <span class='ocrx_word' id='word_1_216' title='bbox 1106 2395 1299 2477; x_wconf 82' lang='lat' dir='ltr'><strong>transfluxus</strong></span> <span class='ocrx_word' id='word_1_217' title='bbox 1322 2401 1431 2476; x_wconf 86' lang='lat' dir='ltr'><strong>nullus</strong></span> <span class='ocrx_word' id='word_1_218' title='bbox 1481 2410 1528 2477; x_wconf 91' lang='lat' dir='ltr'><strong>eri</strong></span> <span class='ocrx_word' id='word_1_219' title='bbox 1553 2409 1687 2498; x_wconf 86' lang='lat' dir='ltr'><strong>poterit.</strong></span> 
     </span>
     <span class='ocr_line' id='line_1_23' title="bbox 453 2501 2111 2608; baseline 0.008 -35"><span class='ocrx_word' id='word_1_220' title='bbox 453 2526 531 2588; x_wconf 61' lang='lat' dir='ltr'>m</span> <span class='ocrx_word' id='word_1_221' title='bbox 575 2584 583 2600; x_wconf 75' lang='lat'><strong>,</strong></span> <span class='ocrx_word' id='word_1_222' title='bbox 634 2503 941 2598; x_wconf 55' lang='lat' dir='ltr'><strong>3⁰„Supponamus</strong></span> <span class='ocrx_word' id='word_1_223' title='bbox 964 2503 1032 2575; x_wconf 92' lang='lat' dir='ltr'><strong>duo</strong></span> <span class='ocrx_word' id='word_1_224' title='bbox 1052 2521 1194 2594; x_wconf 88' lang='lat' dir='ltr'><strong>corpora</strong></span> <span class='ocrx_word' id='word_1_225' title='bbox 1216 2503 1545 2593; x_wconf 88' lang='lat' dir='ltr'><strong>proximacontrario</strong></span> <span class='ocrx_word' id='word_1_226' title='bbox 1562 2503 1622 2576; x_wconf 82' lang='lat' dir='ltr'><strong>satu</strong></span> <span class='ocrx_word' id='word_1_227' title='bbox 1643 2501 1792 2591; x_wconf 80' lang='lat' dir='ltr'><strong>irrflem,</strong></span> <span class='ocrx_word' id='word_1_228' title='bbox 1811 2527 1913 2580; x_wconf 90' lang='lat' dir='ltr'><strong>unum</strong></span> <span class='ocrx_word' id='word_1_229' title='bbox 1926 2511 1959 2581; x_wconf 91' lang='lat' dir='ltr'><strong>in</strong></span> <span class='ocrx_word' id='word_1_230' title='bbox 1976 2513 2111 2608; x_wconf 81' lang='lat' dir='ltr'><strong>a,b,t,</strong></span> 
     </span>
     <span class='ocr_line' id='line_1_24' title="bbox 353 2597 2109 2682; baseline 0.007 -12"><span class='ocrx_word' id='word_1_231' title='bbox 353 2616 367 2636; x_wconf 59' lang='lat'><strong>’¹</strong></span> <span class='ocrx_word' id='word_1_232' title='bbox 429 2605 512 2670; x_wconf 82' lang='lat' dir='ltr'><strong>xlx.</strong></span> <span class='ocrx_word' id='word_1_233' title='bbox 581 2599 720 2672; x_wconf 86' lang='lat' dir='ltr'><strong>altemm</strong></span> <span class='ocrx_word' id='word_1_234' title='bbox 742 2603 777 2671; x_wconf 94' lang='lat' dir='ltr'><strong>in</strong></span> <span class='ocrx_word' id='word_1_235' title='bbox 799 2599 936 2672; x_wconf 87' lang='lat' dir='ltr'><strong>KLM.</strong></span> <span class='ocrx_word' id='word_1_236' title='bbox 963 2599 1034 2670; x_wconf 87' lang='lat' dir='ltr'><strong>lraec</strong></span> <span class='ocrx_word' id='word_1_237' title='bbox 1058 2599 1157 2668; x_wconf 89' lang='lat' dir='ltr'><strong>ambo</strong></span> <span class='ocrx_word' id='word_1_238' title='bbox 1180 2599 1221 2669; x_wconf 93' lang='lat' dir='ltr'><strong>ab</strong></span> <span class='ocrx_word' id='word_1_239' title='bbox 1245 2597 1402 2670; x_wconf 89' lang='lat' dir='ltr'><strong>influente</strong></span> <span class='ocrx_word' id='word_1_240' title='bbox 1422 2599 1541 2670; x_wconf 89' lang='lat' dir='ltr'><strong>eodem</strong></span> <span class='ocrx_word' id='word_1_241' title='bbox 1564 2600 1658 2672; x_wconf 92' lang='lat' dir='ltr'><strong>cursu</strong></span> <span class='ocrx_word' id='word_1_242' title='bbox 1672 2599 1775 2674; x_wconf 85' lang='lat' dir='ltr'><strong>fluido</strong></span> <span class='ocrx_word' id='word_1_243' title='bbox 1795 2603 1917 2676; x_wconf 89' lang='lat' dir='ltr'><strong>rellitui</strong></span> <span class='ocrx_word' id='word_1_244' title='bbox 1933 2609 1967 2679; x_wconf 93' lang='lat' dir='ltr'><strong>in</strong></span> <span class='ocrx_word' id='word_1_245' title='bbox 1986 2611 2109 2682; x_wconf 76' lang='lat' dir='ltr'><strong>redium</strong></span> 
     </span>
     <span class='ocr_line' id='line_1_25' title="bbox 429 2690 2112 2792; baseline 0.013 -34"><span class='ocrx_word' id='word_1_246' title='bbox 429 2695 550 2771; x_wconf 61' lang='lat' dir='ltr'><strong>iilum·</strong></span> <span class='ocrx_word' id='word_1_247' title='bbox 579 2699 675 2767; x_wconf 81' lang='lat' dir='ltr'><strong>fitum</strong></span> <span class='ocrx_word' id='word_1_248' title='bbox 699 2719 768 2766; x_wconf 92' lang='lat' dir='ltr'><strong>non</strong></span> <span class='ocrx_word' id='word_1_249' title='bbox 794 2712 968 2786; x_wconf 78' lang='lat' dir='ltr'><strong>poteruntt</strong></span> <span class='ocrx_word' id='word_1_250' title='bbox 993 2695 1028 2764; x_wconf 86' lang='lat' dir='ltr'><strong>Si</strong></span> <span class='ocrx_word' id='word_1_251' title='bbox 1045 2690 1081 2762; x_wconf 80' lang='lat' dir='ltr'><strong>dt</strong></span> <span class='ocrx_word' id='word_1_252' title='bbox 1105 2693 1172 2762; x_wconf 89' lang='lat' dir='ltr'><strong>hoc</strong></span> <span class='ocrx_word' id='word_1_253' title='bbox 1193 2693 1297 2762; x_wconf 89' lang='lat' dir='ltr'><strong>modo</strong></span> <span class='ocrx_word' id='word_1_254' title='bbox 1319 2698 1352 2763; x_wconf 91' lang='lat' dir='ltr'><strong>in</strong></span> <span class='ocrx_word' id='word_1_255' title='bbox 1376 2691 1506 2782; x_wconf 73' lang='lat' dir='ltr'><strong>sphaera</strong></span> <span class='ocrx_word' id='word_1_256' title='bbox 1528 2693 1664 2786; x_wconf 83' lang='lat' dir='ltr'><strong>liguram</strong></span> <span class='ocrx_word' id='word_1_257' title='bbox 1686 2695 1829 2770; x_wconf 84' lang='lat' dir='ltr'><strong>lamellas</strong></span> <span class='ocrx_word' id='word_1_258' title='bbox 1856 2701 1982 2792; x_wconf 88' lang='lat' dir='ltr'><strong>aliquot</strong></span> <span class='ocrx_word' id='word_1_259' title='bbox 2009 2706 2112 2780; x_wconf 91' lang='lat' dir='ltr'><strong>elalli·</strong></span> 
     </span>
     <span class='ocr_line' id='line_1_26' title="bbox 392 2785 2114 2882; baseline 0.002 -21"><span class='ocrx_word' id='word_1_260' title='bbox 392 2801 395 2812; x_wconf 88' lang='lat'>&#39;</span> <span class='ocrx_word' id='word_1_261' title='bbox 580 2813 635 2864; x_wconf 88' lang='lat' dir='ltr'><strong>cas</strong></span> <span class='ocrx_word' id='word_1_262' title='bbox 657 2793 747 2882; x_wconf 89' lang='lat' dir='ltr'><strong>prius</strong></span> <span class='ocrx_word' id='word_1_263' title='bbox 775 2791 904 2874; x_wconf 73' lang='lat' dir='ltr'><strong>relius,</strong></span> <span class='ocrx_word' id='word_1_264' title='bbox 936 2808 1025 2861; x_wconf 92' lang='lat' dir='ltr'><strong>nunc</strong></span> <span class='ocrx_word' id='word_1_265' title='bbox 1055 2790 1089 2860; x_wconf 91' lang='lat' dir='ltr'><strong>in</strong></span> <span class='ocrx_word' id='word_1_266' title='bbox 1118 2785 1296 2858; x_wconf 90' lang='lat' dir='ltr'><strong>rotundum</strong></span> <span class='ocrx_word' id='word_1_267' title='bbox 1320 2788 1483 2858; x_wconf 86' lang='lat' dir='ltr'><strong>ordinatas</strong></span> <span class='ocrx_word' id='word_1_268' title='bbox 1509 2787 1619 2858; x_wconf 92' lang='lat' dir='ltr'><strong>animo</strong></span> <span class='ocrx_word' id='word_1_269' title='bbox 1653 2795 1930 2880; x_wconf 85' lang='lat' dir='ltr'><strong>conceperimus,</strong></span> <span class='ocrx_word' id='word_1_270' title='bbox 1962 2799 2032 2874; x_wconf 90' lang='lat' dir='ltr'><strong>lieri</strong></span> <span class='ocrx_word' id='word_1_271' title='bbox 2057 2823 2114 2877; x_wconf 77' lang='lat' dir='ltr'><strong>ne.</strong></span> 
     </span>
     <span class='ocr_line' id='line_1_27' title="bbox 580 2859 2111 2980; baseline 0.009 -21"><span class='ocrx_word' id='word_1_272' title='bbox 580 2889 675 2980; x_wconf 90' lang='lat' dir='ltr'><strong>quit,</strong></span> <span class='ocrx_word' id='word_1_273' title='bbox 708 2905 745 2956; x_wconf 93' lang='lat' dir='ltr'><strong>ut</strong></span> <span class='ocrx_word' id='word_1_274' title='bbox 771 2895 887 2955; x_wconf 83' lang='lat' dir='ltr'><strong>omncs</strong></span> <span class='ocrx_word' id='word_1_275' title='bbox 914 2885 984 2974; x_wconf 91' lang='lat' dir='ltr'><strong>pari</strong></span> <span class='ocrx_word' id='word_1_276' title='bbox 1014 2883 1119 2955; x_wconf 90' lang='lat' dir='ltr'><strong>modo</strong></span> <span class='ocrx_word' id='word_1_277' title='bbox 1142 2883 1181 2958; x_wconf 79' lang='lat' dir='ltr'><strong>dt</strong></span> <span class='ocrx_word' id='word_1_278' title='bbox 1202 2884 1322 2954; x_wconf 87' lang='lat' dir='ltr'><strong>eodem</strong></span> <span class='ocrx_word' id='word_1_279' title='bbox 1352 2886 1508 2971; x_wconf 88' lang='lat' dir='ltr'><strong>tempore&#39;</strong></span> <span class='ocrx_word' id='word_1_280' title='bbox 1522 2882 1563 2950; x_wconf 90' lang='lat' dir='ltr'><strong>ab</strong></span> <span class='ocrx_word' id='word_1_281' title='bbox 1587 2859 1743 2955; x_wconf 75' lang='lat' dir='ltr'><strong>rnlluente</strong></span> <span class='ocrx_word' id='word_1_282' title='bbox 1764 2885 1868 2959; x_wconf 89' lang='lat' dir='ltr'><strong>fluido</strong></span> <span class='ocrx_word' id='word_1_283' title='bbox 1890 2891 2111 2972; x_wconf 83' lang='lat' dir='ltr'><strong>restituantur:</strong></span> 
     </span>
     <span class='ocr_line' id='line_1_28' title="bbox 581 2976 2269 3078; baseline 0.007 -21"><span class='ocrx_word' id='word_1_284' title='bbox 581 2983 740 3057; x_wconf 86' lang='lat' dir='ltr'><strong>restimtio</strong></span> <span class='ocrx_word' id='word_1_285' title='bbox 771 3001 879 3057; x_wconf 89' lang='lat' dir='ltr'><strong>tamen</strong></span> <span class='ocrx_word' id='word_1_286' title='bbox 899 2981 1011 3078; x_wconf 83' lang='lat' dir='ltr'><strong>figurae</strong></span> <span class='ocrx_word' id='word_1_287' title='bbox 1034 2979 1146 3050; x_wconf 86' lang='lat' dir='ltr'><strong>laxatis</strong></span> <span class='ocrx_word' id='word_1_288' title='bbox 1176 2977 1313 3050; x_wconf 92' lang='lat' dir='ltr'><strong>lamellis</strong></span> <span class='ocrx_word' id='word_1_289' title='bbox 1334 2979 1514 3074; x_wconf 80' lang='lat' dir='ltr'><strong>conringeu</strong></span> <span class='ocrx_word' id='word_1_290' title='bbox 1572 2976 1649 3048; x_wconf 89' lang='lat' dir='ltr'><strong>Nec</strong></span> <span class='ocrx_word' id='word_1_291' title='bbox 1677 2977 1783 3050; x_wconf 85' lang='lat' dir='ltr'><strong>lluxus</strong></span> <span class='ocrx_word' id='word_1_292' title='bbox 1805 2983 2005 3062; x_wconf 84' lang='lat' dir='ltr'><strong>adversarum</strong></span> <span class='ocrx_word' id='word_1_293' title='bbox 2026 2994 2116 3068; x_wconf 89' lang='lat' dir='ltr'><strong>dire·</strong></span> <span class='ocrx_word' id='word_1_294' title='bbox 2268 2978 2269 2990; x_wconf 38' lang='lat'>¹</span> 
     </span>
     <span class='ocr_line' id='line_1_29' title="bbox 576 3072 2117 3176; baseline 0.003 -24"><span class='ocrx_word' id='word_1_295' title='bbox 576 3083 754 3165; x_wconf 74' lang='lat' dir='ltr'><strong>&#39;diionum,</strong></span> <span class='ocrx_word' id='word_1_296' title='bbox 788 3079 892 3172; x_wconf 81' lang='lat' dir='ltr'><strong>qualis</strong></span> <span class='ocrx_word' id='word_1_297' title='bbox 920 3081 956 3148; x_wconf 91' lang='lat' dir='ltr'><strong>in</strong></span> <span class='ocrx_word' id='word_1_298' title='bbox 977 3075 1197 3146; x_wconf 80' lang='lat' dir='ltr'><strong>Electncrtare</strong></span> <span class='ocrx_word' id='word_1_299' title='bbox 1221 3072 1434 3155; x_wconf 83' lang='lat' dir='ltr'><strong>observatur,</strong></span> <span class='ocrx_word' id='word_1_300' title='bbox 1458 3074 1603 3146; x_wconf 87' lang='lat' dir='ltr'><strong>invocari</strong></span> <span class='ocrx_word' id='word_1_301' title='bbox 1623 3073 1730 3165; x_wconf 87' lang='lat' dir='ltr'><strong>potest</strong></span> <span class='ocrx_word' id='word_1_302' title='bbox 1746 3099 1767 3175; x_wconf 73' lang='lat'><strong>3,</strong></span> <span class='ocrx_word' id='word_1_303' title='bbox 1784 3097 1860 3149; x_wconf 91' lang='lat' dir='ltr'><strong>cum</strong></span> <span class='ocrx_word' id='word_1_304' title='bbox 1886 3083 1927 3152; x_wconf 89' lang='lat' dir='ltr'><strong>ab</strong></span> <span class='ocrx_word' id='word_1_305' title='bbox 1949 3082 2117 3176; x_wconf 72' lang='lat' dir='ltr'><strong>eiusmodi</strong></span> 
     </span>
     <span class='ocr_line' id='line_1_30' title="bbox 578 3169 2117 3274; baseline -0.004 -23"><span class='ocrx_word' id='word_1_306' title='bbox 578 3177 705 3273; x_wconf 85' lang='lat' dir='ltr'><strong>duplici</strong></span> <span class='ocrx_word' id='word_1_307' title='bbox 730 3179 820 3250; x_wconf 84' lang='lat' dir='ltr'><strong>fluxu</strong></span> <span class='ocrx_word' id='word_1_308' title='bbox 844 3170 1119 3247; x_wconf 78' lang='lat' dir='ltr'><strong>adverso,elastici</strong></span> <span class='ocrx_word' id='word_1_309' title='bbox 1141 3173 1290 3262; x_wconf 87' lang='lat' dir='ltr'><strong>corporis</strong></span> <span class='ocrx_word' id='word_1_310' title='bbox 1312 3169 1435 3240; x_wconf 88' lang='lat' dir='ltr'><strong>reditus</strong></span> <span class='ocrx_word' id='word_1_311' title='bbox 1459 3173 1494 3242; x_wconf 92' lang='lat' dir='ltr'><strong>in</strong></span> <span class='ocrx_word' id='word_1_312' title='bbox 1517 3172 1660 3261; x_wconf 88' lang='lat' dir='ltr'><strong>priorem</strong></span> <span class='ocrx_word' id='word_1_313' title='bbox 1678 3169 1814 3266; x_wconf 81' lang='lat' dir='ltr'><strong>liguram</strong></span> <span class='ocrx_word' id='word_1_314' title='bbox 1837 3173 1922 3246; x_wconf 89' lang='lat' dir='ltr'><strong>effici</strong></span> <span class='ocrx_word' id='word_1_315' title='bbox 1941 3200 2010 3253; x_wconf 91' lang='lat' dir='ltr'><strong>non</strong></span> <span class='ocrx_word' id='word_1_316' title='bbox 2032 3206 2117 3274; x_wconf 72' lang='lat' dir='ltr'><strong>pos.</strong></span> 
     </span>
     <span class='ocr_line' id='line_1_31' title="bbox 580 3261 2118 3361; baseline 0.007 -14"><span class='ocrx_word' id='word_1_317' title='bbox 580 3277 644 3347; x_wconf 75' lang='lat' dir='ltr'><strong>fit:</strong></span> <span class='ocrx_word' id='word_1_318' title='bbox 668 3274 726 3346; x_wconf 86' lang='lat' dir='ltr'><strong>nili</strong></span> <span class='ocrx_word' id='word_1_319' title='bbox 757 3271 863 3344; x_wconf 79' lang='lat' dir='ltr'><strong>rursus</strong></span> <span class='ocrx_word' id='word_1_320' title='bbox 875 3270 1116 3361; x_wconf 73' lang='lat' dir='ltr'><strong>supponatur,</strong></span> <span class='ocrx_word' id='word_1_321' title='bbox 1138 3267 1229 3340; x_wconf 85' lang='lat' dir='ltr'><strong>fimul</strong></span> <span class='ocrx_word' id='word_1_322' title='bbox 1260 3261 1296 3337; x_wconf 72' lang='grc' dir='ltr'>ἂ</span> <span class='ocrx_word' id='word_1_323' title='bbox 1317 3265 1436 3337; x_wconf 89' lang='lat' dir='ltr'><strong>eodem</strong></span> <span class='ocrx_word' id='word_1_324' title='bbox 1456 3283 1604 3357; x_wconf 89' lang='lat' dir='ltr'><strong>tempore</strong></span> <span class='ocrx_word' id='word_1_325' title='bbox 1619 3266 1754 3340; x_wconf 88' lang='lat' dir='ltr'><strong>fluidum</strong></span> <span class='ocrx_word' id='word_1_326' title='bbox 1772 3269 1806 3341; x_wconf 93' lang='lat' dir='ltr'><strong>id</strong></span> <span class='ocrx_word' id='word_1_327' title='bbox 1827 3274 1917 3342; x_wconf 89' lang='lat' dir='ltr'><strong>omni</strong></span> <span class='ocrx_word' id='word_1_328' title='bbox 1934 3274 2118 3358; x_wconf 74' lang='lat' dir='ltr'><strong>direilione</strong></span> 
     </span>
     <span class='ocr_line' id='line_1_32' title="bbox 579 3361 2113 3460; baseline 0.007 -18"><span class='ocrx_word' id='word_1_329' title='bbox 579 3371 709 3453; x_wconf 86' lang='lat' dir='ltr'><strong>liuere,</strong></span> <span class='ocrx_word' id='word_1_330' title='bbox 740 3389 814 3460; x_wconf 82' lang='lat' dir='ltr'><strong>quae</strong></span> <span class='ocrx_word' id='word_1_331' title='bbox 855 3367 987 3460; x_wconf 76' lang='lat' dir='ltr'><strong>concipi</strong></span> <span class='ocrx_word' id='word_1_332' title='bbox 1015 3365 1153 3459; x_wconf 84' lang='lat' dir='ltr'><strong>potest,</strong></span> <span class='ocrx_word' id='word_1_333' title='bbox 1182 3363 1275 3458; x_wconf 84' lang='lat' dir='ltr'><strong>quod</strong></span> <span class='ocrx_word' id='word_1_334' title='bbox 1309 3361 1380 3433; x_wconf 87' lang='lat' dir='ltr'><strong>lieri</strong></span> <span class='ocrx_word' id='word_1_335' title='bbox 1415 3385 1484 3436; x_wconf 89' lang='lat' dir='ltr'><strong>non</strong></span> <span class='ocrx_word' id='word_1_336' title='bbox 1512 3363 1605 3458; x_wconf 88' lang='lat' dir='ltr'><strong>polle</strong></span> <span class='ocrx_word' id='word_1_337' title='bbox 1641 3367 1865 3460; x_wconf 86' lang='lat' dir='ltr'><strong>unusquisque</strong></span> <span class='ocrx_word' id='word_1_338' title='bbox 1897 3365 1993 3446; x_wconf 83' lang='lat' dir='ltr'><strong>facile</strong></span> <span class='ocrx_word' id='word_1_339' title='bbox 2017 3379 2113 3452; x_wconf 90' lang='lat' dir='ltr'><strong>intel·</strong></span> 
     </span>
     <span class='ocr_line' id='line_1_33' title="bbox 580 3465 1307 3564; baseline 0.003 -28"><span class='ocrx_word' id='word_1_340' title='bbox 580 3465 668 3564; x_wconf 86' lang='lat' dir='ltr'><strong>ligit.</strong></span> <span class='ocrx_word' id='word_1_341' title='bbox 716 3471 720 3478; x_wconf 88' lang='lat'>&#39;</span> <span class='ocrx_word' id='word_1_342' title='bbox 976 3483 979 3492; x_wconf 81' lang='grc'>’</span> <span class='ocrx_word' id='word_1_343' title='bbox 1259 3471 1262 3480; x_wconf 87' lang='grc'><strong>’</strong></span> <span class='ocrx_word' id='word_1_344' title='bbox 1303 3494 1307 3502; x_wconf 93' lang='grc'><em>·</em></span> 
     </span>
     <span class='ocr_line' id='line_1_34' title="bbox 583 3571 2112 3676; baseline 0.008 -26"><span class='ocrx_word' id='word_1_345' title='bbox 583 3642 588 3650; x_wconf 95' lang='grc'><em>.</em></span> <span class='ocrx_word' id='word_1_346' title='bbox 630 3573 664 3676; x_wconf 65' lang='lat' dir='ltr'><strong>l.</strong></span> <span class='ocrx_word' id='word_1_347' title='bbox 690 3573 957 3652; x_wconf 84' lang='lat' dir='ltr'><strong>DCCLXVIII.</strong></span> <span class='ocrx_word' id='word_1_348' title='bbox 990 3573 1053 3648; x_wconf 86' lang='lat' dir='ltr'><strong>His</strong></span> <span class='ocrx_word' id='word_1_349' title='bbox 1074 3571 1315 3650; x_wconf 89' lang='lat' dir='ltr'><strong>difficultatibus</strong></span> <span class='ocrx_word' id='word_1_350' title='bbox 1336 3571 1508 3647; x_wconf 78' lang='lat' dir='ltr'><strong>intellet‘iis</strong></span> <span class='ocrx_word' id='word_1_351' title='bbox 1527 3576 1587 3647; x_wconf 87' lang='lat' dir='ltr'><strong>viri</strong></span> <span class='ocrx_word' id='word_1_352' title='bbox 1603 3572 1803 3672; x_wconf 88' lang='lat' dir='ltr'><strong>sagaciores,</strong></span> <span class='ocrx_word' id='word_1_353' title='bbox 1827 3581 1971 3670; x_wconf 89' lang='lat' dir='ltr'><strong>priorem</strong></span> <span class='ocrx_word' id='word_1_354' title='bbox 1986 3582 2112 3662; x_wconf 78' lang='lat' dir='ltr'><strong>senten</strong></span> 
     </span>
     <span class='ocr_line' id='line_1_35' title="bbox 455 3667 2267 3776; baseline 0.002 -24"><span class='ocrx_word' id='word_1_355' title='bbox 455 3710 457 3718; x_wconf 87' lang='lat'><em>·</em></span> <span class='ocrx_word' id='word_1_356' title='bbox 582 3678 714 3774; x_wconf 76' lang='lat' dir='ltr'><strong>tentiam</strong></span> <span class='ocrx_word' id='word_1_357' title='bbox 740 3675 941 3767; x_wconf 85' lang='lat' dir='ltr'><strong>aliquantum</strong></span> <span class='ocrx_word' id='word_1_358' title='bbox 968 3676 1204 3774; x_wconf 85' lang='lat' dir='ltr'><strong>immutarunt,</strong></span> <span class='ocrx_word' id='word_1_359' title='bbox 1238 3669 1458 3764; x_wconf 88' lang='lat' dir='ltr'><strong>supponentes</strong></span> <span class='ocrx_word' id='word_1_360' title='bbox 1488 3667 1719 3746; x_wconf 87' lang='lat' dir='ltr'><strong>subtiliffimum</strong></span> <span class='ocrx_word' id='word_1_361' title='bbox 1748 3673 1896 3774; x_wconf 18' lang='lat' dir='ltr'><strong>,AEthen&#39;</strong></span> <span class='ocrx_word' id='word_1_362' title='bbox 1917 3677 1981 3752; x_wconf 83' lang='lat' dir='ltr'><strong>else</strong></span> <span class='ocrx_word' id='word_1_363' title='bbox 2009 3683 2113 3756; x_wconf 84' lang='lat' dir='ltr'><strong>clasti-</strong></span> <span class='ocrx_word' id='word_1_364' title='bbox 2266 3751 2267 3776; x_wconf 62' lang='lat'><strong>,</strong></span> 
     </span>
     <span class='ocr_line' id='line_1_36' title="bbox 428 3767 2267 3869; baseline 0.004 -22"><span class='ocrx_word' id='word_1_365' title='bbox 428 3825 430 3832; x_wconf 71' lang='lat'><strong>,</strong></span> <span class='ocrx_word' id='word_1_366' title='bbox 584 3796 683 3862; x_wconf 78' lang='lat' dir='ltr'><strong>pum,</strong></span> <span class='ocrx_word' id='word_1_367' title='bbox 708 3769 831 3864; x_wconf 82' lang='lat' dir='ltr'><strong>suoque</strong></span> <span class='ocrx_word' id='word_1_368' title='bbox 850 3769 976 3845; x_wconf 84' lang='lat' dir='ltr'><strong>inlluxu</strong></span> <span class='ocrx_word' id='word_1_369' title='bbox 998 3773 1032 3842; x_wconf 93' lang='lat' dir='ltr'><strong>in</strong></span> <span class='ocrx_word' id='word_1_370' title='bbox 1052 3769 1231 3860; x_wconf 86' lang='lat' dir='ltr'><strong>corporum</strong></span> <span class='ocrx_word' id='word_1_371' title='bbox 1254 3787 1407 3854; x_wconf 88' lang='lat' dir='ltr'><strong>meatus,</strong></span> <span class='ocrx_word' id='word_1_372' title='bbox 1438 3767 1625 3861; x_wconf 89' lang='lat' dir='ltr'><strong>viribusque</strong></span> <span class='ocrx_word' id='word_1_373' title='bbox 1651 3791 1758 3862; x_wconf 88' lang='lat' dir='ltr'><strong>partes</strong></span> <span class='ocrx_word' id='word_1_374' title='bbox 1784 3772 1900 3848; x_wconf 86' lang='lat' dir='ltr'><strong>solidas</strong></span> <span class='ocrx_word' id='word_1_375' title='bbox 1926 3779 2112 3869; x_wconf 88' lang='lat' dir='ltr'><strong>repellenti·</strong></span> <span class='ocrx_word' id='word_1_376' title='bbox 2266 3777 2267 3780; x_wconf 65' lang='grc'>’</span> 
     </span>
     <span class='ocr_line' id='line_1_37' title="bbox 583 3864 2112 3966; baseline 0.003 -22"><span class='ocrx_word' id='word_1_377' title='bbox 583 3872 669 3956; x_wconf 89' lang='lat' dir='ltr'><strong>bus,</strong></span> <span class='ocrx_word' id='word_1_378' title='bbox 690 3869 931 3955; x_wconf 86' lang='lat' dir='ltr'><strong>elallicitatem,</strong></span> <span class='ocrx_word' id='word_1_379' title='bbox 954 3865 1094 3940; x_wconf 84' lang='lat' dir='ltr'><strong>efficere.</strong></span> <span class='ocrx_word' id='word_1_380' title='bbox 1120 3867 1159 3940; x_wconf 92' lang='lat' dir='ltr'><strong>In</strong></span> <span class='ocrx_word' id='word_1_381' title='bbox 1184 3864 1249 3958; x_wconf 81' lang='lat' dir='ltr'><strong>qui</strong></span> <span class='ocrx_word' id='word_1_382' title='bbox 1268 3864 1423 3952; x_wconf 72' lang='lat' dir='ltr'><strong>spntentii</strong></span> <span class='ocrx_word' id='word_1_383' title='bbox 1443 3884 1616 3950; x_wconf 86' lang='lat' dir='ltr'><strong>notamus,</strong></span> <span class='ocrx_word' id='word_1_384' title='bbox 1642 3865 1783 3952; x_wconf 73' lang='lat' dir='ltr'><strong>darilhic</strong></span> <span class='ocrx_word' id='word_1_385' title='bbox 1797 3869 1928 3944; x_wconf 85' lang='lat' dir='ltr'><strong>alteram</strong></span> <span class='ocrx_word' id='word_1_386' title='bbox 1949 3874 2112 3966; x_wconf 84' lang='lat' dir='ltr'><strong>hypothe-</strong></span> 
     </span>
     <span class='ocr_line' id='line_1_38' title="bbox 539 3956 2111 4065; baseline 0.004 -23.748"><span class='ocrx_word' id='word_1_387' title='bbox 539 4003 545 4018; x_wconf 81' lang='lat'><em>=</em></span> <span class='ocrx_word' id='word_1_388' title='bbox 583 3967 630 4042; x_wconf 87' lang='lat' dir='ltr'><strong>fin</strong></span> <span class='ocrx_word' id='word_1_389' title='bbox 653 3973 687 4042; x_wconf 93' lang='lat' dir='ltr'><strong>in</strong></span> <span class='ocrx_word' id='word_1_390' title='bbox 711 3965 909 4060; x_wconf 88' lang='lat' dir='ltr'><strong>hypotheli,</strong></span> <span class='ocrx_word' id='word_1_391' title='bbox 942 3959 1062 4056; x_wconf 81' lang='lat' dir='ltr'><strong>nempe</strong></span> <span class='ocrx_word' id='word_1_392' title='bbox 1089 3963 1243 4036; x_wconf 86' lang='lat' dir='ltr'><strong>aetlrerem</strong></span> <span class='ocrx_word' id='word_1_393' title='bbox 1270 3959 1362 4047; x_wconf 81' lang='lat' dir='ltr'><strong>elle,</strong></span> <span class='ocrx_word' id='word_1_394' title='bbox 1396 3956 1433 4031; x_wconf 75' lang='grc' dir='ltr'><strong>δι</strong></span> <span class='ocrx_word' id='word_1_395' title='bbox 1455 3959 1519 4033; x_wconf 86' lang='lat' dir='ltr'><strong>clle</strong></span> <span class='ocrx_word' id='word_1_396' title='bbox 1551 3959 1744 4051; x_wconf 90' lang='lat' dir='ltr'><strong>elailicum‚</strong></span> <span class='ocrx_word' id='word_1_397' title='bbox 1778 3967 1869 4062; x_wconf 91' lang='lat' dir='ltr'><strong>quod</strong></span> <span class='ocrx_word' id='word_1_398' title='bbox 1891 3969 2111 4065; x_wconf 77' lang='lat' dir='ltr'><strong>conjecturam</strong></span> 
     </span>
     <span class='ocr_line' id='line_1_39' title="bbox 584 4061 1071 4141; baseline -0.012 -3"><span class='ocrx_word' id='word_1_399' title='bbox 584 4063 662 4138; x_wconf 81' lang='lat' dir='ltr'><strong>facit</strong></span> <span class='ocrx_word' id='word_1_400' title='bbox 683 4063 822 4141; x_wconf 81' lang='lat' dir='ltr'><strong>omnino</strong></span> <span class='ocrx_word' id='word_1_401' title='bbox 843 4061 1071 4134; x_wconf 83' lang='lat' dir='ltr'><strong>chimaericam.</strong></span> 
     </span>
     <span class='ocr_line' id='line_1_40' title="bbox 636 4153 2109 4256; baseline 0.004 -20"><span class='ocrx_word' id='word_1_402' title='bbox 636 4185 687 4236; x_wconf 79' lang='lat'><strong>20.</strong></span> <span class='ocrx_word' id='word_1_403' title='bbox 712 4161 778 4238; x_wconf 88' lang='lat' dir='ltr'><strong>Sed</strong></span> <span class='ocrx_word' id='word_1_404' title='bbox 797 4159 834 4234; x_wconf 90' lang='lat' dir='ltr'><strong>fit</strong></span> <span class='ocrx_word' id='word_1_405' title='bbox 858 4155 1011 4240; x_wconf 89' lang='lat' dir='ltr'><strong>AEther,</strong></span> <span class='ocrx_word' id='word_1_406' title='bbox 1036 4156 1073 4228; x_wconf 88' lang='lat' dir='ltr'><strong>lit</strong></span> <span class='ocrx_word' id='word_1_407' title='bbox 1093 4153 1261 4246; x_wconf 66' lang='lat' dir='ltr'><strong>elqllicus}</strong></span> <span class='ocrx_word' id='word_1_408' title='bbox 1287 4153 1355 4247; x_wconf 79' lang='lat' dir='ltr'><strong>ejus</strong></span> <span class='ocrx_word' id='word_1_409' title='bbox 1369 4174 1475 4250; x_wconf 85' lang='lat' dir='ltr'><strong>partes</strong></span> <span class='ocrx_word' id='word_1_410' title='bbox 1498 4157 1597 4253; x_wconf 87' lang='lat' dir='ltr'><strong>igitur</strong></span> <span class='ocrx_word' id='word_1_411' title='bbox 1615 4160 1788 4252; x_wconf 87' lang='lat' dir='ltr'><strong>comprimi</strong></span> <span class='ocrx_word' id='word_1_412' title='bbox 1803 4161 1957 4256; x_wconf 80' lang='lat' dir='ltr'><strong>poliunt,</strong></span> <span class='ocrx_word' id='word_1_413' title='bbox 1981 4187 2109 4242; x_wconf 89' lang='lat' dir='ltr'><strong>mutan·</strong></span> 
     </span>
     <span class='ocr_line' id='line_1_41' title="bbox 584 4249 2109 4354; baseline 0.004 -21"><span class='ocrx_word' id='word_1_414' title='bbox 584 4279 727 4354; x_wconf 83' lang='lat' dir='ltr'><strong>curque,</strong></span> <span class='ocrx_word' id='word_1_415' title='bbox 760 4252 796 4332; x_wconf 74' lang='grc' dir='ltr'><strong>δι</strong></span> <span class='ocrx_word' id='word_1_416' title='bbox 835 4249 1022 4348; x_wconf 84' lang='lat' dir='ltr'><strong>comprellae</strong></span> <span class='ocrx_word' id='word_1_417' title='bbox 1056 4250 1228 4344; x_wconf 86' lang='lat' dir='ltr'><strong>lepostea</strong></span> <span class='ocrx_word' id='word_1_418' title='bbox 1251 4249 1433 4329; x_wconf 86' lang='lat' dir='ltr'><strong>restituent:</strong></span> <span class='ocrx_word' id='word_1_419' title='bbox 1460 4253 1591 4350; x_wconf 80' lang='lat' dir='ltr'><strong>Quaero</strong></span> <span class='ocrx_word' id='word_1_420' title='bbox 1612 4277 1674 4347; x_wconf 89' lang='lat' dir='ltr'><strong>per</strong></span> <span class='ocrx_word' id='word_1_421' title='bbox 1691 4279 1865 4348; x_wconf 87' lang='lat' dir='ltr'><strong>quamnam</strong></span> <span class='ocrx_word' id='word_1_422' title='bbox 1883 4263 2043 4338; x_wconf 79' lang='lat' dir='ltr'><strong>causam?</strong></span> <span class='ocrx_word' id='word_1_423' title='bbox 2067 4288 2109 4340; x_wconf 87' lang='lat' dir='ltr'><strong>an</strong></span> 
     </span>
     <span class='ocr_line' id='line_1_42' title="bbox 583 4346 2108 4454; baseline 0.006 -25"><span class='ocrx_word' id='word_1_424' title='bbox 583 4356 655 4429; x_wconf 81' lang='lat' dir='ltr'><strong>haec</strong></span> <span class='ocrx_word' id='word_1_425' title='bbox 675 4360 736 4430; x_wconf 92' lang='lat' dir='ltr'><strong>erit</strong></span> <span class='ocrx_word' id='word_1_426' title='bbox 757 4355 838 4429; x_wconf 86' lang='lat' dir='ltr'><strong>alius</strong></span> <span class='ocrx_word' id='word_1_427' title='bbox 861 4351 959 4426; x_wconf 78' lang='lat' dir='ltr'><strong>ather</strong></span> <span class='ocrx_word' id='word_1_428' title='bbox 980 4353 1081 4443; x_wconf 91' lang='lat' dir='ltr'><strong>priori</strong></span> <span class='ocrx_word' id='word_1_429' title='bbox 1104 4347 1269 4436; x_wconf 84' lang='lat' dir='ltr'><strong>subtilior,</strong></span> <span class='ocrx_word' id='word_1_430' title='bbox 1288 4346 1337 4454; x_wconf 69' lang='lat' dir='ltr'><strong>dt,</strong></span> <span class='ocrx_word' id='word_1_431' title='bbox 1354 4349 1450 4454; x_wconf 75' lang='lat' dir='ltr'><strong>etiarn</strong></span> <span class='ocrx_word' id='word_1_432' title='bbox 1473 4351 1651 4444; x_wconf 69' lang='lat' dir='ltr'><strong>elmicust</strong></span> <span class='ocrx_word' id='word_1_433' title='bbox 1676 4376 1826 4446; x_wconf 86' lang='lat' dir='ltr'><strong>quaenam</strong></span> <span class='ocrx_word' id='word_1_434' title='bbox 1850 4361 1885 4432; x_wconf 90' lang='lat' dir='ltr'><strong>in</strong></span> <span class='ocrx_word' id='word_1_435' title='bbox 1908 4359 1975 4454; x_wconf 77' lang='lat' dir='ltr'><strong>hoc</strong></span> <span class='ocrx_word' id='word_1_436' title='bbox 1995 4362 2108 4437; x_wconf 85' lang='lat' dir='ltr'><strong>secun·</strong></span> 
     </span>
     <span class='ocr_line' id='line_1_43' title="bbox 581 4443 1884 4544; baseline -0.005 -14"><span class='ocrx_word' id='word_1_437' title='bbox 581 4452 629 4530; x_wconf 84' lang='lat' dir='ltr'><strong>rio</strong></span> <span class='ocrx_word' id='word_1_438' title='bbox 651 4455 770 4532; x_wconf 79' lang='lat' dir='ltr'><strong>aetliere</strong></span> <span class='ocrx_word' id='word_1_439' title='bbox 786 4452 877 4524; x_wconf 80' lang='lat' dir='ltr'><strong>cauria</strong></span> <span class='ocrx_word' id='word_1_440' title='bbox 890 4449 1082 4522; x_wconf 87' lang='lat' dir='ltr'><strong>clasticitatis</strong></span> <span class='ocrx_word' id='word_1_441' title='bbox 1099 4448 1184 4522; x_wconf 80' lang='lat' dir='ltr'><strong>&#39;eriti</strong></span> <span class='ocrx_word' id='word_1_442' title='bbox 1211 4449 1280 4542; x_wconf 86' lang='lat' dir='ltr'><strong>qu&#39;o</strong></span> <span class='ocrx_word' id='word_1_443' title='bbox 1294 4449 1391 4540; x_wconf 81' lang='lat' dir='ltr'><strong>patto</strong></span> <span class='ocrx_word' id='word_1_444' title='bbox 1404 4443 1572 4522; x_wconf 81' lang='lat' dir='ltr'><strong>manemus</strong></span> <span class='ocrx_word' id='word_1_445' title='bbox 1582 4449 1677 4544; x_wconf 82' lang='lat' dir='ltr'><strong>aque</strong></span> <span class='ocrx_word' id='word_1_446' title='bbox 1700 4454 1825 4526; x_wconf 88' lang='lat' dir='ltr'><strong>incerti.</strong></span> <span class='ocrx_word' id='word_1_447' title='bbox 1881 4477 1884 4484; x_wconf 76' lang='grc'>’</span> 
     </span>
    </p>
   </div>
   <div class='ocr_carea' id='block_1_6' title="bbox 579 4545 2113 4867">
    <p class='ocr_par' dir='ltr' id='par_1_6' title="bbox 579 4545 2113 4867">
     <span class='ocr_line' id='line_1_44' title="bbox 579 4545 2111 4670; baseline -0.001 -26"><span class='ocrx_word' id='word_1_448' title='bbox 579 4548 600 4570; x_wconf 85' lang='grc'><strong>““</strong></span> <span class='ocrx_word' id='word_1_449' title='bbox 632 4545 672 4670; x_wconf 69' lang='lat'><strong>§.²</strong></span> <span class='ocrx_word' id='word_1_450' title='bbox 700 4563 935 4641; x_wconf 78' lang='lat' dir='ltr'><strong>uceuxrx.</strong></span> <span class='ocrx_word' id='word_1_451' title='bbox 969 4565 1256 4659; x_wconf 77' lang='lat' dir='ltr'><strong>arrrumosopm</strong></span> <span class='ocrx_word' id='word_1_452' title='bbox 1286 4565 1462 4656; x_wconf 69' lang='lat' dir='ltr'><strong>posuerunt</strong></span> <span class='ocrx_word' id='word_1_453' title='bbox 1491 4563 1611 4662; x_wconf 77' lang='lat' dir='ltr'><strong>ignem</strong></span> <span class='ocrx_word' id='word_1_454' title='bbox 1637 4567 1831 4645; x_wconf 70' lang='lat' dir='ltr'><strong>eumarum</strong></span> <span class='ocrx_word' id='word_1_455' title='bbox 1852 4572 2006 4646; x_wconf 70' lang='lat' dir='ltr'><strong>ausam:</strong></span> <span class='ocrx_word' id='word_1_456' title='bbox 2030 4596 2111 4651; x_wconf 70' lang='lat' dir='ltr'><strong>cum</strong></span> 
     </span>
     <span class='ocr_line' id='line_1_45' title="bbox 579 4661 2110 4782; baseline -0.01 -18"><span class='ocrx_word' id='word_1_457' title='bbox 579 4665 918 4782; x_wconf 39' lang='lat' dir='ltr'><strong>&#39;emmim-‚idid</strong></span> <span class='ocrx_word' id='word_1_458' title='bbox 938 4663 979 4780; x_wconf 53' lang='lat' dir='ltr'><strong>fit</strong></span> <span class='ocrx_word' id='word_1_459' title='bbox 1001 4661 1189 4776; x_wconf 36' lang='lat' dir='ltr'><strong>plasticutp·</strong></span> <span class='ocrx_word' id='word_1_460' title='bbox 1209 4683 1354 4778; x_wconf 67' lang='lat' dir='ltr'><strong>attameu</strong></span> <span class='ocrx_word' id='word_1_461' title='bbox 1375 4661 1453 4736; x_wconf 82' lang='lat' dir='ltr'><strong>ltaec</strong></span> <span class='ocrx_word' id='word_1_462' title='bbox 1477 4661 1633 4758; x_wconf 80' lang='lat' dir='ltr'><strong>sententia</strong></span> <span class='ocrx_word' id='word_1_463' title='bbox 1662 4669 1883 4760; x_wconf 71' lang='lat' dir='ltr'><strong>uonuideror</strong></span> <span class='ocrx_word' id='word_1_464' title='bbox 1903 4691 2005 4759; x_wconf 84' lang='lat' dir='ltr'><strong>vert,</strong></span> <span class='ocrx_word' id='word_1_465' title='bbox 2031 4678 2110 4768; x_wconf 87' lang='lat' dir='ltr'><strong>quia</strong></span> 
     </span>
     <span class='ocr_line' id='line_1_46' title="bbox 2043 4791 2113 4867; baseline 0.014 -20"><span class='ocrx_word' id='word_1_466' title='bbox 2043 4791 2113 4867; x_wconf 88' lang='lat' dir='ltr'><strong>quo</strong></span> 
     </span>
    </p>
   </div>
   <div class='ocr_carea' id='block_1_7' title="bbox 0 0 2287 6080">
    <p class='ocr_par' dir='ltr' id='par_1_7' title="bbox 0 0 2287 6080">
     <span class='ocr_line' id='line_1_47' title="bbox 0 0 2287 6080; baseline 0 0"><span class='ocrx_word' id='word_1_467' title='bbox 0 0 2287 6080; x_wconf 95' lang='lat' dir='ltr'><strong> </strong></span> 
     </span>
    </p>
   </div>
  </div>
 </body>
</html>
