4282 5962
459 238 579 402 Du
664 301 1579 393 ELECTRICITATE.
1704 337 1780 415 291

256 518 357 597 rste‘l
392 533 470 586 nam
493 510 680 581 observante
702 500 904 577 Reaumurio
930 493 1033 589 (c),
1056 516 1133 569 cum
1156 514 1334 591 tangetur,
1358 496 1410 567 vel
1433 502 1605 588 capietur,
1628 503 1681 574 vel
1705 524 1783 597 cap·

183 650 187 655 .
260 641 318 699 ,us
337 611 544 690 relaxabitur,
568 624 703 686 manus,
728 597 913 677 brachium,
937 593 1110 678 humerus,
1135 612 1234 684 caput
1245 592 1454 665 vehementer
1472 592 1508 664 de
1522 596 1691 670 celerrime
1701 622 1784 672 con·

261 719 447 792 cutiuntur,
476 702 724 792 efficiunturque
747 694 863 768 dolore
885 688 921 762 dt
943 690 1101 781 stupore,
1126 691 1325 780 aliquamdiu
1345 689 1512 775 durante,
1540 696 1593 763 cui
1618 695 1723 766 similis
1747 699 1784 768 in

261 815 334 884 aliis
358 801 580 881 occasionibus
604 819 625 869 a
645 800 776 869 nemine
798 790 860 863 fuit
882 786 1086 875 observatus,
1110 784 1320 862 Eledlficitas
1341 789 1430 860 enim
1449 787 1492 860 ed
1514 789 1550 861 id
1564 808 1694 883 tempus
1716 811 1785 863 erat

263 912 277 980 i
324 926 388 978 ota.

277 931 342 1113 gns.
377 1005 611 1099 DCCCCX.
643 1002 710 1075 Sed
740 999 907 1073 redeamus
938 999 980 1070 ad
1012 995 1266 1070 Eleslricitatem
1289 994 1430 1070 Virri&
1454 997 1569 1073 Cerae:
1595 1001 1690 1093 Quia
1712 1024 1788 1076 cor·

264 1113 403 1202 puscula
425 1111 507 1181 levia
530 1106 573 1177 ab
596 1101 768 1177 Electricis
790 1095 935 1188 repulsa,
959 1098 994 1168 in
1016 1098 1091 1167 adre
1111 1117 1196 1187 puro
1216 1096 1367 1187 saccoque
1393 1100 1553 1183 nauntia,
1578 1099 1706 1192 aliquot
1729 1103 1788 1170 mi·

264 1229 423 1281 natorum
441 1206 545 1299 spatio
565 1198 728 1273 Elesirica
743 1212 895 1279 manent,
919 1214 1009 1285 patet
1035 1194 1160 1266 Aerem
1184 1193 1343 1265 sancemm
1367 1192 1621 1267 Elesbicitatem
1642 1218 1711 1269 non
1734 1216 1791 1269 ve·

267 1303 439 1377 hementer
461 1300 660 1383 absorbere,
685 1292 947 1385 quodquoniam
973 1291 1203 1364 ldiodleslricis
1228 1293 1325 1361 etiam
1348 1290 1525 1375 cdnvenit,
1549 1313 1618 1364 non
1642 1290 1721 1366 levis
1734 1314 1792 1364 na·

267 1424 302 1476 ta
333 1403 379 1473 est
406 1399 569 1492 suspicio,
600 1394 724 1464 abirem
749 1390 907 1460 sincerum
936 1392 1020 1461 inter
1049 1388 1273 1460 ldioilesirica
1294 1386 1359 1458 esse
1383 1387 1648 1476 numerandum,
1681 1388 1791 1461 saltem

269 1500 525 1573 Elesln'citatem
548 1489 735 1565 naturaliter
758 1485 823 1557 esle
848 1507 923 1558 cum
949 1488 1037 1559 Aire
1060 1485 1215 1569 mixtam,
1239 1483 1338 1556 veluti
1361 1505 1497 1575 quoque
1520 1485 1608 1581 Ignis
1631 1485 1730 1559 inesse
1742 1485 1793 1557 so·

268 1598 327 1670 let.
374 1590 579 1667 Confirmata
599 1586 659 1658 sitit
682 1584 864 1669 sententia,
896 1586 972 1675 quia
1001 1605 1070 1676 quo
1091 1581 1164 1676 plus
1188 1582 1286 1653 neris
1307 1581 1353 1651 est
1376 1582 1410 1651 in
1427 1602 1510 1653 cavo
1535 1602 1697 1674 corpore,
1731 1584 1795 1657 sive

268 1694 375 1791 globo
394 1694 518 1775 vitreo,
544 1686 596 1759 vel
622 1682 744 1767 Tubu,
768 1703 811 1752 eo
832 1682 940 1753 minus
956 1678 1208 1765 Eledlricitrtis,
1232 1676 1429 1750 extrinsecus
1442 1678 1717 1765 circumfluenn’s,
1742 1701 1795 1752 ca·

268 1812 346 1863 vum
376 1786 581 1883 ingreditur:
614 1803 682 1871 quo
712 1782 820 1849 minus
851 1776 951 1850 neris
977 1775 1025 1849 est
1055 1780 1091 1847 in
1121 1780 1281 1867 cavitate,
1316 1775 1425 1845 minus
1460 1778 1610 1867 corporis
1640 1777 1798 1849 electrici-

233 1954 240 1971 ,
268 1889 326 1959 tati
334 1884 502 1957 resrslentis
515 1878 612 1952 inest:
631 1881 706 1949 binc
721 1870 1116 1967 faciliusdtmajoricopia
1129 1873 1320 1945 elesiricitas
1331 1871 1527 1944 extrinsecus
1541 1873 1673 1964 appulsa
1682 1895 1799 1946 cavum

266 1987 436 2056 internum
444 1970 935 2073 ingreditur,impletve;quale
944 1969 1256 2043 discrimenlucentis
1264 1966 1705 2041 Eledbricitatisvidereeslin
1715 1972 1801 2042 tubis

268 2081 381 2154 vitreis
405 2076 541 2155 vacuis,
564 2089 620 2143 aut
643 2070 733 2141 Adre
756 2069 891 2156 rariori,
915 2067 1073 2154 naturali,
1096 2067 1276 2140 densiorive
1291 2066 1444 2156 impletis·
1501 2065 1659 2138 Praeterea
1684 2068 1706 2137 si
1732 2070 1802 2139 Ait

271 2196 343 2248 non
374 2171 461 2242 foret
491 2167 765 2252 ldindleslricus,
797 2184 841 2234 an
871 2186 941 2236 non
972 2174 1080 2236 omnis
1113 2184 1291 2254 corporum
1322 2161 1526 2235 Elesirieitas
1550 2163 1718 2257 extemplo
1742 2185 1803 2256 per

273 2292 351 2343 eum
381 2264 519 2359 dispersa
550 2262 683 2347 suisset,
721 2257 757 2332 dc
792 2281 835 2330 an
867 2260 1000 2351 quidem
1030 2260 1140 2348 aliqua
1171 2280 1317 2349 unquam
1347 2261 1382 2329 in
1415 2282 1556 2351 corpore
1586 2260 1805 2353 apparuisset?

275 2369 358 2440 ldeo
384 2366 454 2433 Adr
479 2361 525 2430 est
550 2360 638 2449 quafi
662 2359 943 2426 armamentarium
967 2355 1201 2434 elesiricitatis,
1225 2374 1268 2420 ex
1292 2374 1361 2441 quo
1385 2356 1427 2422 ad
1452 2376 1592 2443 corpora
1614 2357 1746 2442 fricata,
1773 2355 1809 2429 δι

275 2465 318 2536 ad
343 2454 576 2532 ldiodledbrica
600 2451 747 2525 advolat:
771 2448 819 2519 Et
831 2447 1108 2538 quemadmodum
1133 2467 1202 2517 non
1227 2447 1273 2515 est
1297 2449 1367 2515 Adr
1392 2450 1476 2541 ignis
1493 2449 1636 2537 plenus,
1660 2455 1704 2521 ita
1725 2475 1810 2541 quo·

278 2581 343 2652 que
368 2552 597 2630 Eledbricitate
620 2570 689 2620 non
714 2546 761 2616 esl
783 2546 924 2614 omnino
947 2542 1102 2627 refertus,
1129 2541 1185 2611 sed
1209 2560 1333 2612 tantum
1359 2542 1517 2632 quadam,
1542 2544 1715 2635 potestque
1739 2547 1810 2618 col·

278 2659 362 2753 ligi,
385 2652 556 2812 emittiqrff
579 2666 622 2717 ex
645 2644 731 2714 tabis
752 2638 903 2733 ,semeis,
940 2658 1027 2730 quos
1058 2634 1289 2724 eummfluir,
1321 2637 1412 2729 quod
1434 2640 1469 2708 in
1490 2635 1730 2729 plenitudinem
1754 2643 1813 2715 fie-

279 2756 306 2825 ri
334 2772 402 2822 non
426 2745 521 2837 potui
548 2760 593 2811 et.
1685 2778 1711 2815 ,-

327 2865 359 2963 §.
384 2852 623 2937 DCCCCXI.
654 2851 747 2949 Quia
781 2851 867 2923 caelo
891 2848 1031 2922 humido
1055 2869 1153 2941 parca
1177 2853 1212 2921 in
1235 2850 1430 2943 corporibus
1453 2851 1612 2925 excitatam
1633 2850 1810 2929 Eledtrici·

276 2984 355 3050 tas,
389 2960 509 3030 humor
536 2973 596 3045 per
622 2949 749 3023 Adrem
773 2944 907 3019 diffusm
929 2946 1171 3018 elediricitatem
1193 2950 1301 3039 rapit,
1334 2966 1457 3039 raptam
1482 2953 1631 3046 retinet,
1658 2952 1744 3025 adeo
1774 2973 1810 3027 ut

276 3061 319 3133 ad
343 3076 482 3147 corpora
507 3047 734 3123 ldioelettrica
751 3042 862 3117 fricata
886 3064 1031 3136 parum,
1055 3043 1108 3115 vel
1132 3040 1214 3115 nihil
1237 3040 1473 3131 Eleddricitatis
1490 3068 1532 3117 ex
1556 3052 1632 3121 aire
1651 3050 1807 3138 accedat,

281 3154 318 3228 &
349 3171 499 3235 tantum,
531 3167 605 3237 quae
637 3164 735 3235 parca
763 3144 860 3233 copia
890 3144 926 3213 in
958 3142 1156 3233 corporibus
1186 3140 1422 3229 delitescebat,
1445 3142 1597 3217 fridilone
1617 3148 1811 3244 expergefir,

279 3252 452 3349 Quoniam
484 3240 706 3316 exhalationes
735 3238 905 3310 bominum
936 3236 1010 3309 sunt
1039 3236 1211 3325 humidas,
1242 3239 1421 3313 extuandae
1451 3237 1661 3315 eledrrieiari
1684 3262 1704 3313 a
1730 3266 1811 3329 ¹cor·

281 3349 417 3444 poribus
439 3341 559 3415 siicatis
580 3337 790 3410 vehementer
812 3332 949 3418 obsunt,
974 3333 1113 3407 humore
1137 3336 1241 3409 aereo
1264 3356 1336 3407 earn
1360 3337 1528 3427 extemplo
1551 3338 1745 3431 abripiente.

330 3443 418 3518 Hinc
443 3443 479 3513 in
501 3438 582 3509 loco
607 3432 735 3519 clauso,
760 3435 887 3523 inquo
911 3431 1090 3503 multitudo
1113 3432 1160 3503 est
1173 3433 1420 3523 -spesbatorum,
1445 3452 1652 3526 nequaquam
1671 3435 1812 3510 Elesbl·

279 3568 319 3621 cn
345 3541 568 3631 experimenta
589 3528 722 3600 felicem
746 3526 921 3597 sortiuntur
945 3525 1126 3613 effedmn,
1159 3532 1206 3599 uti
1231 3530 1403 3619 aliquoties
1428 3528 1601 3623 Ultrajed’ti
1626 3528 1663 3605 ἂ
1686 3531 1811 3625 Leydaa

281 3633 504 3728 deprehendi,
529 3647 627 3719 quam
647 3622 783 3717 quidem
807 3622 841 3691 in
865 3642 993 3693 camera
1016 3643 1149 3713 aperta,
1175 3621 1211 3695 dt
1224 3648 1245 3696 a
1259 3644 1359 3698 vento
1382 3627 1540 3720 perflata,
1566 3632 1624 3722 qui
1647 3632 1812 3707 anhelinrs

283 3732 488 3827 expellebat,
513 3725 700 3815 Adremque
720 3736 838 3811 pamm
863 3714 900 3789 dt
923 3718 1043 3790 siccum
1067 3721 1250 3794 invehebat
1688 3746 1692 3753 ·

330 3853 363 3953 q.
394 3844 653 3923 DCCCCXll.
685 3840 860 3940 Qualibet
889 3841 1094 3915 Eledbicitas
1121 3843 1254 3913 excitari
1279 3843 1413 3935 potest,
1450 3838 1487 3915 dt
1511 3842 1630 3915 eodem
1655 3864 1809 3938 operatur

284 3953 411 4034 modo,
435 3968 501 4020 tam
515 3940 712 4031 alliciendo,
733 3960 832 4033 quam
847 3938 1057 4033 repellendo,
1077 3934 1294 4027 &lucendo,
1317 3942 1352 4013 in
1375 3942 1501 4013 interna
1524 3943 1661 4015 cavitate
1688 3964 1809 4037 eorpo-

284 4054 329 4123 ris
351 4050 425 4119 aere
448 4042 583 4115 nautali
605 4041 728 4126 vacui,
751 4056 850 4131 quam
874 4042 909 4111 iu
932 4037 1033 4131 pleno
1057 4056 1220 4130 corpore,
1244 4037 1338 4128 quod
1360 4038 1556 4111 extrinsecus
1579 4040 1622 4111 ab
1645 4042 1721 4112 edre
1740 4062 1810 4114 am·

285 4148 384 4223 bitur.
432 4138 633 4212 Methodam
660 4156 802 4229 corpora
831 4137 867 4208 in
899 4156 1004 4208 vacuo
1034 4132 1171 4207 fricandi
1203 4136 1326 4207 invenit
1359 4132 1593 4228 Haultsbejus,
1625 4137 1810 4210 emendavit

283 4236 569 4319 'aGravesandiusr
592 4235 756 4326 Adeoque
778 4231 1005 4305 Electricitatis
1029 4231 1248 4324 phaeuomena
1271 4253 1340 4307 non
1362 4233 1509 4328 pendent
1532 4233 1574 4308 ab
1595 4235 1713 4324 Adre,
1738 4256 1808 4307 tan·

1709 4351 1807 4429 quam

325 4489 387 4639 i.)
410 4550 507 4626 l’nlst.
525 4547 563 4614 de
581 4545 696 4616 l’dead.
716 4534 808 4629 Kar,
829 4547 884 4615 aa.
907 4560 996 4627 1714·
1016 4562 1083 4631 per.
1103 4558 1174 4623 447.

1127 4658 1195 4736 00
1218 4668 1242 4735 a'
