4282 5962
516 215 1600 338 ntnsnunnaanrnnurs..
1769 261 1829 357 93-

289 428 429 520 demque
441 448 582 519 corpore
600 415 850 493 collcdiaefimul
867 415 1029 499 existant?
1046 418 1298 504 tumquomodo
1312 422 1370 510 ipsr
1386 423 1566 501 substantiae
1586 434 1818 515 mhaerescann

336 543 369 633 §.
395 536 623 614 cxxxvlii.
649 534 706 605 Est
723 532 862 602 humana
883 527 925 598 de
948 525 1143 617 corporibus
1165 529 1313 618 cognitio
1340 534 1480 625 angustis
1498 537 1652 613 limitibus
1669 547 1816 619 circum..

286 638 421 732 scripta,
446 641 520 730 quia
543 633 688 705 sensuum
713 651 778 719 ope
795 645 918 698 tantum
934 642 1111 713 corporum
1143 619 1325 709 superficies
1345 629 1552 719 exploramus
1575 633 1610 705 dt
1633 643 1815 732 cognosci·-

284 757 391 808 tuus:
413 733 492 805 Visu
511 733 590 803 nihil
606 730 663 800 nili
684 725 885 817 superficiem
902 720 1075 792 videmus:
1116 715 1220 786 'saclu
1245 718 1452 810 superficiem.
1468 731 1570 802 modo
1591 735 1670 804 attin
1697 740 1778 806 'mus
1794 760 1815 808 :2

285 832 427 904 eandem
445 829 628 926 gustamus,
654 823 833 894 olfacimus.
884 818 956 887 Sed
970 814 1048 906 quid
1073 811 1124 882 est
1141 815 1224 883 intra
1247 814 1454 906 superficiem
1467 828 1682 900 conclusum.
1726 831 1814 922 quid..

282 926 437 999 delitescit
458 925 699 999 intra-minime
723 919 824 991 atomi
847 911 1080 1023 superficiem?
1104 913 1305 1023 annon-id,
1330 919 1421 1005 quod
1445 929 1577 1015 proprie
1598 949 1718 1018 corpus
1736 928 1809 1002 effi.

280 1025 346 1109 cit,
369 1023 527 1114 quodque
547 1021 697 1109 corporis
714 1016 760 1086 est
782 1009 979 1084 substantia?
1013 1007 1102 1077 illius
1115 1027 1221 1075 autem
1240 1008 1351 1081 inclusi
1372 1063 1394 1098 ‚,
1415 1037 1469 1088 aut
1489 1020 1700 1109 substantiae,
1734 1028 1809 1097 ani..

279 1142 354 1192 mus
368 1121 473 1191 ideam
494 1119 634 1189 iomrare
649 1114 775 1205 nequit:
803 1107 1154 1200 quamobremtantum
1168 1107 1316 1193 corporis
1335 1114 1494 1184 corticem.
1504 1120 1693 1191 mortalibus
1711 1120 1814 1194 nolle

279 1216 390 1288 datram
409 1216 485 1300 est‚.
504 1212 539 1286 dt
558 1232 662 1307 pauca
681 1208 837 1288 ulterius,
868 1224 942 1293 quae
972 1203 1144 1272 ratiocinio
1167 1219 1208 1269 ex
1232 1200 1464 1290 phoenomenis.
1478 1212 1686 1309 colliguntur.
1735 1219 1812 1291 Sed.

278 1332 320 1384 cn
336 1315 427 1404 quod
446 1312 603 1383 delitescit
622 1310 702 1378 intro
721 1303 868 1392 corporis
894 1297 1125 1389 superficiem,
1149 1317 1222 1365 non
1237 1297 1282 1408 est
1301 1300 1387 1370 idem
1416 1325 1475 1375 aut·
1486 1307 1585 1380 limile
1600 1312 1808 1404 superficiei?-

276 1406 502 1480 Temerarium
524 1412 607 1479 loret
630 1404 694 1474 hoc
722 1398 891 1480 alienum,
917 1397 993 1485 quia
1017 1415 1085 1464 non
1110 1391 1344 1486 cognoscitur,
1383 1401 1476 1488 quod
1498 1406 1545 1475 est
1564 1411 1646 1480 intra
1670 1410 1811 1503 superii--

274 1508 387 1578 ciem:
421 1505 585 1591 Praeterea
602 1499 782 1591 superficies
804 1494 850 1564 est
874 1510 998 1563 tantum
1013 1491 1148 1560 duarum
1163 1491 1399 1564 dimenfionum
1422 1504 1634 1594 magnitudo,
1660 1529 1736 1578 cum
1752 1508 1810 1579 so-

273 1600 380 1672 lidum
405 1604 442 1673 fit
462 1605 558 1673 trium
579 1597 839 1671 dimenionutn:
877 1587 1073 1679 Superiicies
1095 1585 1253 1675 estquod
1275 1587 1413 1662 solidum
1443 1599 1612 1670 terminat:
1653 1603 1803 1678 Solidum

272 1697 308 1768 id
330 1699 421 1790 quod
446 1701 660 1781 terminatum
685 1691 902 1779 &nunquam
923 1684 1114 1780 magnitudo
1136 1683 1231 1752 trium
1259 1684 1558 1764 dimenssonomex
1578 1701 1811 1794 magnitudine

272 1793 407 1867 duarum
424 1795 507 1868 effici
527 1793 660 1886 potest:
687 1781 1123 1883 Superficieimagnitudoin
1146 1784 1295 1872 corporis
1315 1785 1472 1860 divisione
1487 1792 1665 1881 increscit,
1693 1796 1809 1886 soldu-

271 1893 343 1962 uttis
367 1892 513 1964 mensura
528 1910 680 1964 manente
701 1888 836 1958 eidem..
1233 1894 1240 1903 “
1763 1945 1767 1953 ,

320 1986 353 2083 i.
377 1988 576 2062 CXXXlX.
602 1986 640 2060 ln
665 1984 812 2079 conponis
827 1978 1001 2050 substantia
1016 1980 1154 2049 interna
1165 1975 1265 2048 multu
1281 1979 1413 2071 poliunt
1432 1983 1532 2058 latere
1546 2039 1568 2074 ,-
1593 1986 1634 2061 δι
1650 1992 1737 2066 forte
1749 1988 1807 2067 la·-

269 2101 361 2169 tent‚
385 2110 464 2177 quae
480 2107 647 2178 nunquam
668 2105 687 2155 a
703 2079 892 2153 mortalibus
905 2073 1162 2170 cognoscentur:
1188 2074 1271 2146 Non
1289 2083 1378 2149 enim
1395 2082 1520 2155 necesse
1535 2086 1602 2172 est,
1627 2110 1810 2164 utotnnen

268 2182 437 2272 qualitates
447 2203 627 2274 cotporeae
642 2180 801 2262 afficiam,
825 2192 883 2245 aut
903 2171 1031 2241 afficere
1051 2168 1174 2259 pellint
1194 2171 1481 2248 nostresensoria:
1508 2202 1563 2252 aut
1578 2187 1770 2259 etelectus
1786 2240 1809 2275 ‚.

268 2281 328 2365 qui
349 2280 390 2346 in
408 2279 513 2346 senstrs
525 2281 715 2355 incurrunt„
738 2271 901 2362 pendeant
920 2290 939 2335 a
960 2266 1175 2335 causis-etiam
1198 2270 1231 2334 in
1256 2267 1360 2338 sensus
1380 2273 1616 2348 incurrentibus
1638 2305 1655 2349 t>
1679 2283 1808 2375 Hujus··

269 2370 365 2441 modi
388 2370 491 2441 causae
513 2388 680 2457 nunquam
704 2362 950 2459 cognoscentur.
1006 2357 1080 2425 liae
1100 2360 1288 2446 tempestate
1310 2366 1509 2452 inpartibus
1531 2369 1631 2442 sirmis
1653 2383 1813 2468 corporis.

269 2466 417 2537 mimam
441 2467 575 2537 detena·
592 2463 638 2532 est
652 2460 873 2533 lffimbffitas,
891 2452 1065 2542 ejuscaub
1090 2454 1124 2521 in
1147 2451 1253 2522 sensus
1279 2476 1355 2525 non
1366 2459 1537 2532 incurrent
1562 2470 1690 2555 prorsus
1705 2472 1810 2544 latete

267 2559 552 2650 Forsitan-aliquid
570 2554 783 2628 Initabilltati
798 2547 899 2621 fimile
913 2545 993 2617 inest
1010 2544 1249 2640 vegetabilium
1265 2548 1439 2636 musculis,
1459 2558 1517 2642 qui
1532 2560 1674 2633 cuculas
1690 2568 1723 2636 in
1744 2589 1802 2638 ca.

266 2655 395 2728 natibus
419 2657 585 2736 ambiunt,
612 2648 652 2721 dc
669 2651 762 2741 quia
787 2646 884 2718 succo
904 2641 1102 2730 aliquantum
1127 2643 1160 2708 in
1173 2639 1345 2751 ‘canalibus
1365 2647 1637 2744 propusosupra
1658 2659 1809 2739 valaniae

265 2752 447 2835 irritantur,
473 2748 730 2832 comebantur,
754 2762 852 2834 atque
871 2740 916 2809 ita
935 2738 1064 2807 succum
1087 2733 1220 2806 ultenus
1241 2738 1275 2806 in
1294 2739 1459 2813 canalibus
1479 2764 1499 2812 a
1521 2749 1645 2821 valvula
1667 2755 1709 2825 ad
1731 2759 1800 2831 val-

264 2846 372 2922 culam
388 2867 583 2939 promovent
601 2898 611 2933 ‚
639 2865 707 2936 quo
722 2845 818 2933 patio
840 2837 924 2906 succi
938 2831 1080 2904 andice
1095 2830 1147 2902 ad.
1157 2831 1340 2921 supremum
1363 2835 1540 2911 celliffimae
1561 2847 1684 2920 arboris
1701 2874 1803 2926 cacu-

264 2966 342 3017 men
363 2946 466 3015 attolli
491 2942 634 3032 poliunt.
692 2937 814 3005 Nostra
838 2950 938 3001 aetate
958 2930 1116 3000 Chemici
1141 2930 1316 3019 opinantur
1337 2933 1471 3007 cuilibet
1493 2938 1616 3029 plantae
1642 2947 1802 3038 Spiritum
1942 2998 1946 3004 -

264 3037 579 3120 Restooemnneffe,
605 3035 661 3127 qui
685 3024 844 3111 efficeret,
871 3046 906 3097 ut
924 3026 1101 3114 unicuique
1114 3023 1186 3095 suus
1210 3031 1398 3101 conveniret
1413 3030 1538 3124 sapor,
1564 3041 1670 3128 odor,
1696 3043 1731 3114 dt
1745 3050 1800 3120 vio

256 3135 444 3228 *opemdm
467 3134 740 3229 distingueretque
757 3128 931 3238 plantama
947 3120 1058 3233 planta
1078 3170 1099 3234 ,ο
1121 3140 1262 3234 ettamen
1282 3144 1358 3236 cum
1380 3149 1452 3218 prae
1475 3131 1645 3209 subtilitate
1665 3141 1800 3215 nostroe

263 3231 370 3305 stnsus
388 3232 519 3329 effugit,
544 3252 607 3301 nec
628 3224 841 3319 solus·colllgr
865 3216 900 3292 dt
925 3238 1099 3290 exatnmnn
1116 3237 1223 3309 potuit
1235 3268 1257 3303 ,,
1283 3241 1368 3293 mter
1392 3247 1467 3296 vera
1491 3229 1709 3306 demonstrata
1733 3261 1798 3310 nu·

265 3333 379 3401 merari
394 3334 534 3420 nequit,
564 3326 623 3396 nifi
647 3323 740 3413 plura
757 3322 801 3390 de
813 3340 855 3388 eo
874 3317 1076 3411 detegantur.
1127 3313 1225 3386 Haud
1239 3316 1344 3388 dubie
1359 3324 1521 3396 nonnulla
1540 3327 1601 3400 alia
1620 3334 1798 3424 attributa,

265 3448 351 3499 nunc
376 3429 543 3518 incognita
556 3440 612 3491 aut
629 3417 814 3507 ptaetervisa
829 3415 848 3481 i
862 3413 1067 3502 posterorum
1088 3411 1239 3482 industria
1256 3415 1459 3511 detegentur.
1509 3422 1591 3497 Non
1608 3433 1694 3500 enim
1716 3454 1797 3505 cor·

263 3527 353 3615 potis
371 3524 524 3590 attributa
550 3518 620 3584 sunt
633 3512 718 3582 adeo
740 3506 923 3590 manifeste,
948 3528 984 3576 ut
998 3509 1164 3598 extemplo
1182 3509 1223 3577 se.
1239 3508 1377 3584 offerant
1395 3564 1417 3601 ,.
1438 3520 1561 3610 quippe
1580 3541 1648 3594 tum
1666 3530 1799 3619 antiqui·

263 3615 471 3712 Philosophi,
497 3631 644 3703 quorum*
654 3607 833 3701 sagacitas,
864 3604 986 3696 ingenii
1007 3622 1179 3687 acumen,¹
1204 3600 1387 3679 &attentio
1410 3635 1478 3684 non
1497 3618 1634 3690 cedebat
1655 3624 1796 3720 diligen·

224 3782 233 3794 ‚
266 3718 319 3787 tiae
342 3712 574 3782 hodiernorum
587 3703 809 3784 eruditorum,
834 3701 965 3781 onmia,
990 3718 1069 3785 quar
1088 3718 1175 3768 nunc
1193 3700 1356 3772 notasunt
1370 3711 1543 3794 attributa,
1567 3714 1717 3789 facillime
1732 3723 1791 3802 de·

264 3808 444 3881 texissent.—
467 3799 773 3884 Seddelnettia·,·
799 3795 966 3868 vaitete
990 3794 1196 3881 universali„
1225 3797 1429 3874 Attonione
1454 3799 1512 3875 &c
1540 3807 1698 3884 sciverunt
1724 3814 1795 3886 sere

262 3904 354 3979 nihil.
933 3942 940 3953 ·

314 4015 354 4115 §t
372 4015 482 4087 CXL.
511 4011 681 4087 Nonnulli
709 4010 826 4085 noiirae
861 4011 966 4080 aetatii
992 4007 1212 4103 Philosophi,
1258 4015 1318 4104 qui
1340 4033 1471 4113 mtgnae
1497 4021 1686 4097 inscientia
1719 4028 1793 4104 sunt

267 4117 472 4196 mositatis,
497 4112 621 4202 opimti
639 4129 839 4203 caeperunt,
870 4106 1040 4177 filamentis
1061 4103 1283 4200 &particulae
1307 4115 1492 4206 cuicunque
1512 4119 1701 4210 conspicuae
1716 4147 1792 4200 con

267 4216 354 4324 poris
374 4209 532 4281 Animalis
549 4204 795 4304 &Vegetabilir
812 4201 911 4279 inesse
926 4204 1128 4302 Poenicum
1151 4213 1375 4309 vegetativam
1397 4217 1454 4289 uti
1462 4217 1699 4313 produliricm
1714 4226 1789 4324 (a)r

443 4342 448 4349 .
857 4340 861 4347 ·
934 4366 940 4371 ,
1748 4340 1796 4397 02

302 4501 358 4588 nc)
378 4501 488 4569 rattot
507 4501 653 4570 nocte
672 4502 730 4589 ut·
749 4513 830 4578 not
927 4538 938 4548 ·
998 4631 1001 4634 ἱ
1086 4574 1180 4678 Q
