4282 5962
585 178 1476 277 ,onspnrrovncuo
1736 215 1786 295 52

268 402 324 460 tt.
350 386 461 475 Atque
475 379 596 451 idcirco
620 378 839 463 immutabile,
865 397 933 448 tum
953 397 1087 466 quoque
1102 377 1178 467 quia
1191 374 1236 445 est
1260 379 1363 447 unitas
1385 378 1518 451 infinita.
1575 405 1629 453 ro.
1654 383 1787 455 Nihilo-

261 489 373 572 minus
395 484 429 551 in
451 478 562 568 Spatio
582 478 713 566 concipi
737 475 872 567 poll'unt
893 477 1088 565 portiones,
1112 472 1224 564 positis
1238 475 1271 544 in
1297 494 1339 542 eo
1361 473 1552 546 distantibus
1571 481 1787 569 corporibus,

262 603 345 674 quae
369 577 509 651 efficiunt
524 572 611 664 quali
633 592 739 663 partes
759 572 887 664 Spatii,
917 590 1106 641 nontamen
1122 590 1210 642 verae
1231 569 1303 642 sunt
1317 590 1450 660 partes,
1474 574 1551 664 quia
1575 579 1701 646 termini
1719 596 1790 647 non

267 679 309 750 ad
334 676 505 767 Spatium,
536 669 591 739 sed
609 670 651 739 ad
673 668 819 741 distantia
841 687 982 758 corpora
1006 670 1198 757 pertinent:
1223 668 1258 736 in
1270 668 1465 758 corporibus
1486 689 1594 742 autem
1619 692 1693 762 pars
1709 671 1789 741 dici·

265 795 336 857 tur,
360 792 437 861 quae
454 761 562 837 suis&
580 766 623 837 ad
638 765 668 836 se
684 766 918 857 pertinentibus
931 765 1118 834 terminatur
1132 763 1308 849 limitibus,
1325 786 1392 837 non
1404 764 1519 839 alienis
1528 788 1540 854 ;
1555 767 1647 859 quod
1662 786 1738 838 curn
1755 769 1789 838 in

261 866 377 963 ¹Spuqi'o
392 866 510 939 locum
531 885 601 962 ηοη
614 860 752 957 habeat,
777 860 932 952 quicquid
949 859 1052 949 Spatii
1071 861 1155 933 inter
1172 859 1325 931 distanses
1344 861 1532 952 corpomm'
1545 863 1729 955 superficies
1742 866 1792 934 in·-

261 966 447 1057 ‚semeptum
461 958 529 1044 eil,
554 980 624 1031 nou
634 978 729 1049 pars,
754 956 809 1029 sed
828 957 895 1027 alio
914 958 1072 1044 nomine,
1107 976 1229 1048 nempe
1244 959 1362 1042 Portio
1382 960 1529 1031 vocanda
1551 964 1622 1036 erit.
1656 959 1792 1049 Nequa-

259 1052 379 1157 φαίη
398 1056 504 1157 igitur]
522 1056 670 1155 Spatium
691 1074 732 1126 ex
752 1056 835 1127 veris
856 1053 1028 1145 patribus,
1075 1052 1194 1143 quibus
1217 1057 1340 1144 proprii
1361 1053 1431 1125 sunt
1452 1059 1614 1143 termini,
1655 1057 1791 1137 constat,

264 1146 805 1347 semiermium*
824 1147 1797 1342 {rsmermimillustrissimis,

454 1314 459 1323 .
496 1335 498 1339 Α
796 1299 808 1339 ,
846 1326 849 1330 Α

262 1351 552 1444 intercipientium.
1062 1420 1065 1427 ,
1225 1416 1231 1427 ,
1380 1414 1384 1421 ,
1785 1410 1789 1417 .

260 1520 284 1545 ,,
319 1462 352 1561 i.
378 1460 505 1552 Chim,
526 1458 580 1532 Ex
609 1458 659 1531 his
681 1459 834 1533 omnibus
853 1456 983 1550 liquet,
1007 1456 1150 1529 animum
1172 1455 1313 1529 fonnare
1330 1457 1422 1549 posse
1443 1456 1554 1532 ideam
1577 1460 1706 1551 Spatii:
1739 1478 1796 1530 ne·

262 1556 519 1742 ‘us
532 1555 878 1744 namnetis
897 1552 1570 1743 mmmmm
1583 1575 1797 1744 mmet?

262 1751 457 1845 Philosophi
473 1752 529 1843 qui
546 1750 694 1842 Spatium
713 1748 883 1841 rejiciunt,
916 1746 981 1821 esse
1001 1746 1108 1819 ideam
1125 1745 1216 1818 nihili
1238 1746 1304 1819 hoc
1323 1750 1427 1821 modo
1450 1754 1591 1840 probare
1611 1748 1798 1820 annisrsne·

262 1869 351 1933 runt
399 1850 438 1921 ln
464 1858 642 1939 corporum
669 1846 876 1918 multitudine
911 1845 950 1917 lit
970 1844 1129 1936 aliquod,
1153 1842 1267 1934 quod,
1292 1847 1424 1937 reliquis
1442 1849 1476 1919 in
1508 1849 1618 1937 quiete
1638 1847 1799 1929 manenti·

263 1949 347 2035 bus,
370 1945 537 2021 evanescat
559 1947 602 2021 in,
627 1942 791 2029 nihilum,
811 1941 878 2034 jam
893 1941 1039 2034 Spatium
1061 1943 1139 2013 erit:
1163 1938 1219 2011 sed
1239 1940 1276 2011 id
1296 1962 1429 2034 quoque
1443 1943 1631 2029 evanescat,
1654 1944 1799 2013 ambien-

265 2042 661 2136 ,tibqsadhupimmotim
683 2039 750 2133 jaan
772 2038 852 2111 nihil
863 2038 1012 2122 dabitur,
1036 2035 1165 2109 sedhic
1190 2037 1373 2127 postremus
1388 2039 1520 2113 statusa
1541 2043 1642 2132 priori
1657 2062 1725 2111 non
1737 2035 1801 2109 dis·

261 2141 347 2237 sert,
370 2140 519 2230 adeoque
533 2136 745 2231 praecedens,
769 2135 859 2207 velut
874 2133 1028 2219 ultimus,
1051 2152 1120 2206 erat
1135 2133 1229 2205 nihii
1279 2131 1357 2207 lloc
1381 2138 1485 2208 modo
1503 2158 1611 2208 autern
1636 2137 1801 2228 disputan·

263 2258 316 2315 tes
343 2236 538 2319 ostendunt,
564 2232 633 2305 sese·
649 2253 760 2305 revera
779 2230 887 2301 ideam
912 2230 1127 2313 extenfiouis,
1150 2250 1294 2319 corpore
1314 2253 1385 2302 non
1405 2233 1575 2320 impletae,
1598 2236 1709 2302 animo
1734 2230 1800 2301 sor·

264 2351 357 2415 mare
384 2326 502 2418 posse„
526 2325 619 2414 quod
634 2328 844 2415 negauerant.
895 2341 946 2391 αθ.
970 2322 1010 2389 ld
1036 2321 1194 2407 nihilum,
1219 2325 1312 2409 quod
1334 2324 1493 2413 superelse
1522 2331 1723 2414 concipitur,
1738 2327 1801 2405 ,est

266 2414 467 2519 Extensum,
490 2417 584 2512 quod
598 2416 697 2530 veluti
713 2436 830 2515 antea,
846 2414 942 2527 juxta
956 2412 1194 2525 illoscapiehat·
1205 2414 1352 2505 Spatium
1373 2413 1411 2488 dt
1432 2417 1587 2509 Corpus,
1612 2422 1689 2493 haec
1703 2422 1803 2493 ambo

207 2694 226 2715 ,¹
265 2537 531 2699 hiemes
553 2510 885 2699 ἵὲἳὲηὲἓηῗὲἕ
899 2509 1148 2675 estetsi
1168 2528 1729 2694 hltm‘smlh‘emil
1745 2517 1803 2683 tl

264 2711 379 2808 negari
404 2704 512 2801 posse,
535 2702 627 2778 nihil.
681 2723 732 2795 30..
758 2699 943 2799 Quomodo
968 2700 1004 2770 in
1029 2718 1147 2770 acervo
1169 2719 1348 2790 corporum
1371 2702 1505 2793 concipi
1525 2705 1631 2794 potest
1654 2705 1801 2781 deletum

265 2808 415 2901 Spatium
446 2801 609 2897 superstite
631 2799 747 2872 eadem
770 2795 981 2870 extensiones
1005 2815 1082 2866 nam
1103 2794 1193 2867 idetn
1212 2795 1279 2885 est,
1300 2818 1339 2868 ac
1364 2798 1478 2889 saquis
1497 2803 1672 2894 concipere
1691 2806 1803 2876 animo

263 2903 383 2990 vellet,
407 2919 540 2979 omnem
553 2896 734 2971 dillantiam
757 2899 841 2966 inter
853 2913 996 2983 corpora
1007 2892 1306 2967 intermediamelsc
1321 2892 1498 2981 sublatam,
1522 2897 1724 2985 deletamve,
1750 2898 1801 2972 su·

267 2998 400 3095 perstite
424 2988 728 3085 eademndistantid,
752 3010 831 3080 quae
853 2986 926 3060 sunt
940 2987 1202 3069 contraditionis
1251 3009 1304 3081 4⁰.
1330 2990 1420 3065 Cum
1440 2990 1587 3083 Spatium
1600 2993 1748 3067 Univets
1764 2996 1803 3069 st

270 3115 395 3179 tantum
419 3112 520 3165 unum
536 3085 672 3178 aliquod
697 3085 924 3171 individuum,
949 3085 1070 3176 absque
1081 3086 1247 3176 partibus,
1272 3087 1445 3179 quomodo
1460 3109 1535 3181 pars
1550 3094 1681 3183 concipi
1695 3092 1802 3183 potest
1853 3082 1857 3091 ’

269 3190 445 3267 annihilata
464 3182 628 3281 superstite
658 3180 812 3277 reliquo?
837 3184 998 3277 anigitur
1020 3180 1167 3272 Spatium
1186 3181 1287 3261 deleri
1309 3205 1378 3257 non
1405 3184 1543 3278 potest?
1568 3190 1646 3260 imo.
1674 3187 1730 3261 sed
1751 3208 1803 3263 to-

271 3308 364 3376 tum,
387 3308 457 3360 non
489 3280 682 3364 dirmidium,
705 3300 768 3351 nec
793 3278 859 3351 ulla
875 3300 970 3370 pars,
993 3299 1070 3350 cum
1094 3281 1239 3371 partibus
1260 3300 1378 3354 careat.

298 3400 355 3499 ‚§.
378 3393 504 3471 CLIV.
528 3389 595 3463 Sed
623 3408 785 3478 praterea
810 3389 953 3463 asseritm
982 3392 1024 3463 ab
1047 3392 1232 3464 adversariis
1259 3388 1359 3490 (α)-Ι
1374 3416 1436 3469 nos
1468 3397 1583 3491 Spatio
1613 3397 1807 3494 adscripsisse

271 3498 511 3594 proprietates,
535 3504 614 3575 quae
634 3484 835 3554 conveniunt
854 3486 979 3574 nihilo,
1002 3488 1088 3558 adeo
1110 3509 1147 3560 ut
1169 3489 1272 3560 modo
1295 3492 1430 3564 nihilum
1452 3495 1489 3565 fit
1509 3501 1704 3587 putandum:
1730 3517 1807 3570 narn

277 3592 460 3686 objiciunt,
486 3579 591 3655 nihilo
617 3578 774 3651 eosvenit
801 3577 866 3649 else
895 3580 963 3651 sne
981 3580 1165 3667 limitibus,
1197 3587 1395 3674 immobile,
1434 3593 1658 3680 immutabile,
1692 3595 1808 3667 indivi-

273 3690 398 3770 duum,
423 3701 493 3753 non
523 3672 616 3767 posse
641 3676 762 3759 meari,
788 3694 852 3747 nec
876 3674 1007 3748 deliru'n
1058 3675 1331 3768 Respondemus,
1355 3688 1518 3756 neminem
1543 3690 1681 3778 potuisse
1700 3692 1808 3761 ideam

277 3783 371 3859 nihili
397 3777 559 3857 formare,
583 3792 661 3885 cum
682 3767 948 3885 philosophantes
972 3771 1080 3853 ideam
1105 3773 1206 3864 Spatii
1227 3779 1337 3848 animo
1351 3780 1599 3871 repraesentant,
1626 3782 1810 3876 &quidem

280 3868 731 3961 msttnmmacorponbur,
755 3865 999 3960 Spmtibusque.
1050 3877 1103 3941 αθ.
1128 3868 1250 3942 Praeter
1265 3894 1459 3947 memoratas
1472 3885 1683 3971 proprietates
1700 3880 1813 3973 Spatio

279 3974 439 4064 competit
460 3964 644 4055 Extenfio,
676 3961 741 4034 esse
769 3983 892 4050 unum,
923 3965 989 4037 effe
1014 3965 1140 4038 infinite
1168 3988 1343 4064 magnum,
1370 3993 1448 4064 quae
1469 3996 1675 4070 nequaquam
1704 3974 1812 4051 insunt

282 4070 409 4155 nihilo;
433 4062 558 4139 nauseo
578 4062 633 4137 hic
658 4060 815 4152 quaedam
838 4066 1037 4153 enumerari,
1060 4065 1109 4137 uti
1130 4085 1199 4137 nou
1218 4065 1310 4160 posse
1329 4073 1460 4161 creari,
1484 4094 1547 4149 nec
1574 4074 1711 4163 destrui,
1735 4094 1810 4166 quae

282 4191 353 4249 non
376 4160 596 4254 adscripsimus
618 4157 744 4252 spatio.
1256 4220 1261 4229 .

321 4454 383 4540 (ι)
402 4453 542 4537 solignac
560 4451 903 4525 mantuanensem.
923 4469 954 4523 a
966 4470 1035 4539 m.
1049 4454 1202 4609 senuero
1222 4457 1294 4541 ssa,
1465 4438 1470 4447 '
