4584 6072
586 340 644 439 uo·
761 325 871 418 on:
929 309 1514 408 coneonnru
1572 311 1954 412 onunuu
2069 419 2075 428 ,

589 525 814 602 variabilem:
843 539 945 610 quum
970 531 1105 608 partes,
1121 529 1201 603 quae
1225 527 1350 582 turtum
1366 507 1407 580 td
1423 510 1819 601 corpus'cunstituendum
1833 533 2052 610 tonuurunt,
2073 521 2124 598 era

590 625 704 696 ficiunt
724 620 873 712 Maffam
893 615 1096 709 constantem.

641 737 671 832 q.
698 731 858 806 xcvlli.
884 731 1045 803 Videntur
1057 747 1196 822 corpora
1218 721 1339 818 majort
1357 723 1503 814 sequenti
1527 689 1694 816 utcunque
1716 729 1820 814 modo
1842 729 1906 802 esse
1929 736 2120 827 composta.

591 835 830 926 Concipiantut
849 832 936 916 trit,
959 845 1126 919 quatuor,
1147 824 1200 898 vel
1221 822 1315 915 plura
1332 821 1446 910 ultimo
1464 819 1564 891 solido
1581 822 1739 920 conjungi
1753 829 1786 897 in
1807 829 1948 921 aliquam
1966 832 2121 919 mallium,

440 929 550 994 Trou
595 929 733 1021 cujusvis
755 929 871 1024 figurae
890 929 944 1013 A,
968 929 1029 996 erit
1048 925 1125 997 baec
1145 923 1262 1018 Maffa
1280 923 1385 1014 primi
1407 918 1540 990 ordinis.
1563 918 1626 988 stve
1650 923 1805 1012 particula
1824 930 1938 1017 prims.
1988 926 2041 1000 Ex
2062 929 2122 1002 hu·

438 1033 503 1108 Εἰς.
516 1045 562 1091 ιι.
593 1027 736 1120 jusmodi
752 1026 876 1117 aliquot
890 1023 1055 1117 particulis
1070 1021 1248 1094 efficiantur
1263 1017 1509 1110 complexiones
1527 1012 1563 1086 dt
1576 1016 1800 1107 copulationes
1812 1024 1928 1096 iterum
1942 1028 1976 1096 in
1999 1025 2125 1100 firmum
2212 1105 2215 1116 ,

525 1177 549 1239 1-
594 1113 1994 1280 ss
2007 1125 2125 1290 rr:

438 1281 559 1356 ΠΨ·
589 1318 773 1392 baerentem
795 1317 949 1403 mallum,
971 1313 1199 1406 compositura
1222 1311 1433 1383 Partiruianr
1454 1309 1549 1381 tertii
1565 1309 1698 1380 ordinis.
1751 1306 1851 1379 Forte
1915 1331 2123 1404 componun.

437 1405 548 1468 Taum.
592 1437 643 1490 tur
663 1418 832 1515 particulos
856 1417 1006 1488 altiorum
1034 1409 1210 1482 ordinum:
1242 1405 1296 1479 Ex
1314 1405 1477 1504 particulis
1501 1403 1611 1476 talium
1638 1405 1800 1480 ordinum⁴
1814 1403 1988 1498 plurimis,
2013 1411 2123 1486 secum

434 1503 558 1584 ripn.
591 1516 799 1610 conjunclis,
822 1513 952 1586 tandem
971 1501 1091 1599 corpus
1108 1519 1263 1602 magnum
1285 1503 1449 1577 madabile
1461 1501 1609 1575 efficitur.

636 1631 668 1721 s.
696 1625 825 1701 XCIX.
849 1623 934 1699 Doti
963 1624 1108 1719 ejumodi
1129 1618 1357 1714 particularum
1380 1619 1512 1692 ordines
1532 1639 1575 1691 ex
1600 1620 1729 1694 diuersis
1746 1620 2023 1698 observationibus
2043 1647 2124 1700 eon·

584 1727 748 1802 cluserunt
775 1719 981 1816 Philosophi:
1005 1717 1222 1810 'chalybeum
1248 1715 1361 1804 filum,
1389 1719 1465 1816 igne
1496 1719 1664 1805 duranum,
1689 1719 1793 1791 multo
1809 1719 1925 1794 donus
1934 1723 1981 1794 est
2006 1724 2121 1809 molli,

587 1827 737 1898 duratum
757 1831 865 1896 tumen
884 1821 930 1891 est
951 1819 1055 1891 multo
1068 1815 1249 1904 insimulor,¹
1271 1815 1439 1907 minusque
1459 1816 1614 1908 ponderis
1628 1816 1755 1913 gelltt,
1781 1839 1878 1911 quam
1889 1819 2010 1906 molle;
2037 1823 2122 1893 indi·

588 1924 644 1996 cio
669 1942 804 2016 partes,
828 1919 1003 1990 maximum
1034 1913 1182 1988 ordinem
1210 1911 1483 2008 componentes,
1516 1915 1550 1984 in
1581 1911 1641 1984 filo
1662 1915 1915 1989 durato'minus
1934 1917 2121 2004 cohaererc,

586 2039 665 2091 cum
693 2041 801 2090 tamen
832 2037 938 2109 partes
957 2011 1117 2084 inferioris
1144 2011 1268 2082 ordinis
1286 2013 1389 2108 magis
1409 2007 1653 2082 cohaetesct'nt:
1679 2011 1825 2100 Chalybs
1838 2013 1946 2085 mollis
1959 2015 2123 2105 poliatur,

586 2119 695 2189 minus
713 2114 893 2208 splendebit
917 2112 1087 2195 indurat03
1114 2112 1182 2179 imo
1212 2109 1322 2180 mollis
1342 2109 1463 2205 nigrior
1487 2107 1534 2178 est
1551 2105 1716 2178 indurato:
1742 2110 1819 2178 ideo
1834 2110 1942 2180 mollis
1953 2113 2124 2186 concludit

582 2213 794 2310 phlogislon,
813 2209 865 2283 vel
881 2209 991 2282 oleum
1007 2210 1154 2304 nigrum,
1173 2207 1207 2278 in
1225 2207 1314 2298 poris
1329 2204 1540 2298 amplionbus
1561 2205 1720 2298 majorum
1741 2207 1898 2297 partium:
1922 2207 1977 2277 sed
1988 2209 2123 2298 quando

582 2313 653 2408 igni
681 2311 938 2394 immittebatur,
963 2307 1037 2399 poti
1066 2325 1201 2390 omnes,
1226 2309 1297 2375 imo
1329 2301 1365 2375 bc
1393 2306 1555 2373 minorum
1587 2305 1725 2393 partium
1750 2301 2012 2393 ampliabantur,
2037 2308 2124 2377 adeo

583 2427 625 2478 ut
648 2412 681 2480 in
698 2408 761 2480 hos
777 2405 964 2502 phloglllon
986 2401 1122 2474 inlluere
1146 2404 1308 2492 potuerit:
1333 2397 1369 2470 dt
1385 2419 1461 2468 cum
1483 2400 1603 2488 ignitus
1615 2397 1751 2482 chalybs
1770 2395 1874 2467 subito
1888 2395 1922 2468 ib
1936 2397 2052 2491 frigida
2065 2423 2123 2470 ex·

582 2499 810 2600 tinguebatut,
835 2523 874 2574 uc
904 2499 1175 2584 contrahebatur,
1201 2495 1313 2566 oleum
1337 2497 1370 2564 in
1396 2495 1497 2582 poros
1522 2489 1722 2583 angustiores
1741 2489 1874 2558 ulterius
1896 2490 2023 2580 pulsum
2041 2493 2123 2580 ibit,

581 2603 675 2691 quod
696 2604 773 2673 ideo
797 2613 866 2666 nun
889 2597 1028 2684 amplius
1051 2597 1091 2659 in*
1108 2594 1254 2679 partibus
1268 2589 1443 2677 majoribus
1459 2585 1506 2653 est
1520 2584 1760 2672 conspicuum,
1784 2581 1969 2677 efficitque,
1994 2607 2032 2659 ut
2045 2590 2124 2664 cha·

579 2695 658 2783 lybs
683 2713 772 2763 nunc
786 2694 918 2774 minus,
943 2701 1152 2776 quamante,
1178 2682 1349 2778 nigrescat:
1372 2680 1437 2772 jam
1460 2696 1566 2770 partes
1580 2680 1885 2773 minores-propter
1902 2682 1936 2754 id
1951 2705 2120 2778 receptum
2245 2761 2246 2768 ἵ

581 2789 697 2859 oleum
716 2784 944 2878 conglutinans
962 2781 1110 2851 duriores
1130 2775 1339 2848 &firmiores
1357 2775 1538 2860 evaserunt,
1553 2794 1658 2867 portes
1672 2797 1779 2849 autem
1802 2778 1941 2872 majores
1954 2781 2031 2854 olco
2054 2786 2119 2858 boc

582 2885 712 2956 orbatae
747 2879 818 2950 sunt
841 2871 1051 2952 infirmiores:
1077 2875 1111 2946 st
1142 2871 1261 2946 deinde
1291 2871 1425 2963 chalybs
1446 2872 1612 2944 induratus
1631 2873 1719 2945 lente
1742 2871 1853 2969 &per
1872 2881 1978 2950 varios
2000 2883 2118 2954 caloris

582 2979 702 3076 gradus
721 2981 837 3048 iterum
856 2977 1021 3072 igniatut3
1048 2971 1159 3044 oleum
1173 2991 1214 3044 ete
1231 2969 1458 3062 particularum
1471 2973 1631 3042 mentibus
1642 2967 1749 3044 rursus
1763 2973 1965 3065 pedetentim
1981 2979 2120 3070 expelli-

581 3097 655 3165 tur,
673 3074 709 3150 &
729 3073 886 3172 chalybis
899 3071 1078 3166 superficiei
1098 3073 1203 3142 varios
1226 3067 1350 3142 inducit
1371 3068 1522 3151 colores,
1547 3071 1594 3136 uti
1612 3067 1730 3138 slavum
1745 3069 1972 3157 stramineum,
1999 3073 2120 3150 flavum

580 3173 795 3283 profundiuS,
830 3191 986 3256 aureum,
1011 3189 1145 3256 pureum
1170 3189 1245 3238 cum
1261 3187 1447 3259 purpureo,
1479 3184 1679 3258 purpureum
1712 3165 1885 3250 intensus,
1915 3167 2116 3259 violaceum,

582 3274 781 3358 caeruleum,
805 3270 924 3362 deinde
937 3265 1136 3360 profundum
1161 3271 1313 3358 aqueum.
1372 3261 1484 3334 Partes
1507 3282 1600 3352 aquae
1620 3259 1843 3335 verosimiliter
1859 3261 1929 3336 suut
1949 3269 2118 3359 r'otundae,

585 3360 671 3444 ‘eirca
695 3389 750 3439 eas
765 3363 1024 3458 circumscriptos
1039 3361 1103 3436 elle
1126 3364 1230 3434 cubos
1252 3355 1341 3457 finge
1355 3410 1367 3445 ,
1383 3358 1528 3456 absolute
1542 3357 1680 3430 solidos:
1706 3359 1727 3430 ll
1745 3382 1812 3432 tum
1829 3363 1994 3454 particulae
2006 3365 2114 3458 sphet-

583 3471 659 3544 elcae
672 3469 768 3538 etium
787 3461 858 3538 suut
874 3460 1011 3545 solidae,
1037 3462 1097 3532 crit
1122 3457 1261 3530 soliditas
1289 3457 1461 3550 cujuslibet
1487 3457 1563 3527 cubi
1581 3455 1623 3527 ad
1636 3478 1706 3528 eam
1723 3455 1875 3550 sphaere,
1899 3465 2049 3554 proxime
2070 3468 2115 3537 uti

585 3563 656 3662 {300
672 3564 713 3637 ad
736 3587 748 3635 ι
756 3581 830 3658 57,
854 3561 1004 3651 adeoque
1020 3555 1104 3630 foret
1118 3577 1185 3629 tota
1199 3555 1303 3628 moles
1318 3557 1500 3641 cuborum,
1516 3553 1645 3628 nsulsum
1659 3553 1806 3627 absolute
1824 3553 1954 3628 solidam
1970 3558 2115 3634 forman·

581 3669 683 3751 tium,
711 3661 752 3732 ad
775 3660 896 3732 molem
910 3657 1130 3750 inscriptorum
1149 3656 1361 3747 sphaerarum,
1388 3657 1434 3725 uti
1461 3674 1532 3746 300
1557 3653 1599 3724 od
1622 3671 1701 3746 157.
1726 3673 1823 3746 atque
1843 3657 1887 3724 itu
1909 3655 2047 3746 proinde
2063 3657 2112 3730 so·

525 3787 526 3790 ¹
578 3758 653 3851 ient
666 3760 830 3856 pondera:
855 3753 922 3830 Setl
945 3757 1011 3826 auti
1025 3753 1158 3848 porost,
1183 3751 1274 3848 culus
1296 3752 1449 3824 volumen
1470 3773 1527 3843 pur
1548 3747 1634 3820 soret
1648 3749 1807 3823 volumini
1820 3751 2000 3839 cuborum,
2025 3775 2112 3845 pon·-

578 3853 862 3950 dusellrespeslu
889 3874 982 3948 aquea
1010 3851 1110 3924 veluti
1140 3873 1197 3943 39.
1222 3850 1263 3920 td
1291 3873 1323 3919 2.
1348 3849 1498 3940 adeoque
1523 3845 1653 3940 sphaerae
1675 3869 1769 3940 aquae
1794 3871 1863 3922 non
1891 3847 2019 3940 possunt
2044 3851 2110 3923 elle

579 3953 712 4042 solidae',
737 3953 791 4024 sed
813 3972 909 4025 erunt
939 3947 1085 4043 porolb,
1109 3945 1177 4018 hoc
1197 3944 1243 4016 cll
1267 3945 1459 4016 constabunt
1479 3965 1520 4015 ex
1542 3945 1704 4036 particulis
1724 3947 1904 4019 minoribus
1926 3949 2109 4020 accumula-

506 4081 511 4106 ·
577 4054 640 4138 sis,
665 4045 1123 4140 interuallutelinquentibus3
1147 4043 1199 4114 ha
1218 4043 1334 4113 iterum
1364 4064 1405 4114 ex
1425 4044 1633 4129 minoribus,
1670 4044 1768 4118 veluti
1790 4044 1923 4136 spellari
1948 4047 2055 4138 potest
2077 4051 2109 4118 in

579 4147 701 4241 spbaetq
721 4149 780 4236 A,
805 4149 839 4218 in
861 4165 925 4238 qua
947 4140 1113 4236 descriptae
1134 4137 1238 4210 modo
1259 4137 1330 4210 sunt
1351 4162 1413 4232 pro
1432 4140 1583 4234 exemplo
1607 4141 1930 4236 quotuorsplpaerrc,
1962 4163 2060 4236 atque
2074 4147 2106 4215 iu

427 4263 551 4332 mn·
582 4243 705 4340 smgult
738 4265 877 4338 quotuor
895 4239 993 4332 uliae⁸¹
1028 4237 1138 4336 Quam
1157 4239 1296 4308 maxime
1323 4237 1593 4330 amplificantibus
1627 4239 1857 4330 Microscopiis
1887 4243 1922 4311 in
1944 4241 2108 4313 nonnullis

426 4373 490 4450 ilc·
500 4379 538 4440 14
582 4341 683 4415 firmis
696 4342 889 4432 corporibus
906 4339 1043 4432 partium
1059 4335 1190 4432 ordines
1216 4333 1384 4408 manifesto
1402 4335 1500 4408 videti
1521 4335 1663 4427 possunt.
1713 4335 1890 4428 Clerilllme
1908 4355 2016 4408 tumen
2034 4359 2107 4426 pur-

425 4469 534 4546 ω,
580 4437 749 4513 ticularum
773 4437 903 4509 ordines
922 4457 963 4506 ex
983 4434 1111 4506 animali
1134 4433 1286 4529 sanguine
1313 4449 1502 4518 cruunturc
1542 4437 1664 4527 quippe
1689 4433 1914 4526 Mictoscopio
1941 4433 2105 4506 deteslum

426 4567 489 4644 mg,
501 4584 548 4644 15·
578 4527 661 4621 suit,
685 4533 824 4636 'globum
835 4531 1050 4605 rubicundum
1068 4551 1109 4602 ex
1127 4532 1180 4603 sert
1200 4529 1569 4602 florescentibusserusts
1583 4533 1765 4624 componi,
1778 4536 1812 4604 in
1826 4552 1910 4623 quos
1927 4529 2042 4624 sponte
2056 4553 2105 4602 re-

575 4635 725 4744 solritur:
749 4631 888 4728 quilibet
901 4628 1027 4704 setosus
1039 4629 1158 4729 globus
1173 4631 1290 4733 iterum
1305 4649 1346 4703 ex
1363 4629 1416 4702 sex
1428 4627 1499 4702 aliis
1514 4628 1717 4726 lpnpbaticis
1733 4629 1888 4719 couslat,
1911 4629 2002 4724 quud
2018 4649 2104 4794 quo&

2000 4745 2082 4819 usqu
