4282 5962
459 270 1562 372 nanis-crnrcrsnrn.
1708 312 1797 395 -273

270 501 357 575 pore
383 478 523 552 duorum
542 476 593 550 vel
618 476 712 545 trium
742 475 943 543 minutorum
972 466 1186 541 secundorum
1218 467 1465 543 eledtricitatem
1488 477 1522 545 in
1553 476 1635 549 tubo
1665 482 1799 572 vineo,

273 579 320 651 ad
345 581 490 669 quinque
513 572 565 646 uel
583 571 635 642 sert
662 569 800 662 pollices
823 566 980 652 distante,
1004 564 1077 638 finit
1098 564 1394 665 eise-superstitem.
1429 620 1433 625 -

322 673 474 771 Quando
495 669 615 743 serrum
634 665 805 739 scintillare
828 663 948 751 defiit,
979 663 1149 754 induitque
1169 664 1316 737 colorem
1337 664 1467 751 ueraii,
1500 667 1546 738 est
1576 668 1716 744 effeetus
1739 673 1796 746 ad.

269 772 339 845 lruc
362 770 462 843 idem.
511 762 658 863 Quando
678 762 800 835 fenum
825 760 872 831 est
895 760 991 832 bruni
1015 761 1108 831 rubei
1132 758 1273 849 coloris,
1298 784 1368 835 non
1392 762 1530 858 amplius
1555 783 1646 837 tanto
1670 771 1794 859 impetu

271 872 309 943 in
333 868 445 941 tubum
471 881 640 958 operatur:
664 859 742 933 ideo
767 857 853 950 saepe
875 860 1005 950 euenit,
1030 876 1066 929 ut
1088 855 1164 949 post
1188 878 1327 951 quatuor
1349 860 1402 933 vel
1428 863 1576 955 quinque
1599 866 1724 939 minuta
1747 865 1796 957 ie·

271 966 377 1039 cunda
401 965 510 1035 onmis
534 956 730 1032 elediricitas
754 955 901 1027 nondum
926 955 964 1025 lit
988 953 1125 1031 sublata„
1160 1010 1167 1019 .

224 1050 227 1055 ’
313 1059 469 1157 Quando
491 1057 613 1135 serrum
637 1054 770 1129 rutenus
793 1050 961 1149 frigescit,
986 1047 1142 1125 &bruni
1164 1058 1261 1129 evalit
1285 1057 1435 1144 coloris,
1467 1063 1524 1133 vix
1549 1063 1709 1137 observari
1732 1082 1796 1154 po·

270 1159 329 1233 test
353 1154 573 1241 elestrieitatis
597 1153 857 1227 decrementum:
882 1148 1165 1242 adeoquedantur
1180 1153 1279 1246 aliqui
1304 1155 1422 1250 gradus
1447 1157 1586 1248 caloris,
1610 1161 1674 1233 fiae
1690 1180 1793 1249 quan.

268 1258 366 1330 titatis
390 1258 495 1350 ignis,
519 1255 575 1345 qui
599 1246 843 1323 elediricitatem
868 1244 1008 1335 tollunt,
1034 1268 1105 1319 eam
1131 1249 1239 1323 secum
1264 1252 1479 1343 abripiendo,
1502 1257 1555 1328 vel
1579 1278 1620 1327 ex
1644 1258 1792 1347 corpori·

268 1357 331 1429 bus
355 1350 518 1425 eledtricis
540 1347 724 1446 abigendo;
748 1363 922 1436 uemomm
944 1347 1083 1436 partium
1108 1346 1278 1433 tollendo,
1302 1368 1358 1421 aut
1381 1352 1560 1424 mutando:
1590 1353 1707 1449 gradus
1740 1374 1794 1423 ca·

268 1451 348 1524 loris
367 1449 419 1521 alii
435 1449 527 1534 sunt,
552 1449 609 1541 qui
622 1442 702 1517 nihil
716 1444 902 1515 mutationis
917 1440 1074 1529 aderunt,
1097 1447 1145 1515 uti
1159 1445 1292 1536 quando
1305 1446 1470 1537 speculum
1483 1449 1799 1521 ull'orium‘diametri

269 1548 410 1635 duorum
451 1545 572 1638 pedum
601 1542 660 1615 soll
684 1541 891 1633 opponitur3-
925 1540 1023 1621 tubus
1046 1542 1164 1613 vitreus
1188 1539 1363 1617 elestricus
1386 1544 1509 1634 politus
1531 1546 1593 1618 fuit
1615 1549 1650 1619 in
1674 1546 1797 1631 radiis,

269 1648 326 1739 qui
360 1638 767 1737 collectiamplitudinetp
798 1639 894 1725 unius
924 1636 1055 1729 pollicis
1086 1636 1280 1727 habebant,
1314 1636 1364 1710 dt·
1382 1640 1594 1726 uehementer
1616 1642 1794 1713 calebant:
1926 1684 1929 1690 ·

274 1754 277 1761 '
317 1742 381 1813 Sed
406 1743 502 1811 tubus
527 1737 640 1811 mansit
664 1734 851 1821 ,elediriauar
873 1734 932 1813 -Au
947 1732 1044 1829 igitur
1058 1756 1167 1828 prutes
1191 1737 1335 1820 metalli,
1360 1757 1435 1827 quae
1458 1739 1493 1809 in
1506 1739 1670 1829 prioribus
1694 1758 1796 1829 expe·

265 1839 477 1925 ‚timentisab
500 1838 577 1934 igne
601 1834 724 1907 fiebant
747 1830 920 1919 volatiles,
945 1830 1054 1911 secum
1077 1832 1276 1905 abstulerunt
1300 1855 1341 1905 ex
1366 1836 1448 1907 tubo
1473 1837 1607 1923 uitreo,
1631 1834 1723 1928 quod
1746 1855 1797 1906 ra·

264 1934 310 2007 dii
334 1934 409 2008 solis
433 1935 530 2027 puri,
543 1936 590 2013 ,in
611 1931 731 2002 tubum
754 1929 892 2019 diredli,
917 1926 1025 2001 iacere
1048 1950 1120 2002 non
1143 1932 1350 2021 potuerunt?

315 2065 347 2161 §.
371 2058 658 2135 DCCCLXVll.
689 2059 869 2133 Eledirict.
884 2057 1012 2134 effluvio
1041 2082 1105 2134 nec
1128 2083 1322 2151 mutantur,
1346 2084 1409 2136 nec
1434 2066 1604 2139 turbantur
1626 2087 1647 2137 a
1669 2065 1801 2159 pulsatis

268 2161 305 2234 dt
329 2159 517 2231 sonantibus
539 2160 732 2251 campanis,
772 2178 854 2249 quas
876 2155 1137 2259 circumfluunt,
1168 2180 1232 2230 nec
1259 2160 1377 2233 harum
1400 2183 1442 2234 ex
1466 2167 1549 2257 aptis
1573 2167 1695 2237 catenis
1718 2185 1801 2257 pen·

269 2259 416 2331 dentium
440 2253 558 2327 ionum
582 2272 637 2324 am
661 2272 778 2325 tonum
802 2270 950 2338 mutant,
974 2274 1116 2350 augent,
1140 2257 1302 2328 minuunt.

318 2353 523 2423 Eledlricitas
546 2352 634 2419 circa
658 2348 874 2418 tintinnabula
896 2351 1059 2437 vanorum
1082 2368 1252 2434 tonorum,
1277 2352 1393 2424 litteris
1418 2354 1475 2440 C,
1503 2354 1557 2441 G,
1580 2358 1640 2443 C,
1664 2357 1715 2445 E,
1743 2355 1802 2441 G,

270 2472 290 2520 a
315 2447 454 2519 Muiicis
478 2444 704 2540 insignitarum
728 2440 919 2514 cecanum
948 2441 1156 2539 gmtissimum
1186 2448 1636 2522 concentum-barmonicum
1660 2454 1802 2523 elicitam

271 2545 389 2637 potest.
444 2537 678 2612 Tintinnabula
711 2557 854 2629 quatuor
882 2540 918 2629 ln
940 2539 1079 2625 modum
1100 2556 1237 2607 coronae
1263 2539 1409 2623 ambiant
1441 2546 1591 2631 quintum
1625 2546 1799 2633 medium,

260 2644 466 2725 maximum,
489 2636 558 2707 boc
583 2633 792 2726 pendentes
815 2628 873 2701 filo
886 2626 1021 2703 'sericos
1045 2650 1134 2703 unco
1149 2632 1261 2703 medio
1285 2628 1428 2706 interii&
1445 2640 1589 2708 cavitatis
1612 2632 1736 2710 adnexa
1761 2642 1800 2713 fit

268 2736 417 2808 catenula
441 2730 602 2826 pendulo,
625 2726 816 2813 metallica,
840 2745 917 2817 quae
938 2726 1209 2819 eledrieitatem‚
1233 2748 1254 2799 a
1276 2729 1383 2824 giobo
1407 2733 1609 2829 cadratam,
1641 2736 1798 2827 advehar,

267 2835 302 2904 in
332 2829 508 2904 rotundum
539 2828 627 2898 cirea
656 2820 909 2896 tintinnabulum
932 2818 1093 2895 numnam
1108 2847 1117 2892 r
1134 2822 1207 2919 ¹A'd
1230 2822 1435 2899 intervallum
1460 2848 1602 2925 quamor
1625 2832 1677 2907 vel
1699 2835 1799 2925 quin·

269 2949 334 3020 que
365 2927 522 2998 lineamm
554 2943 576 2993 a
605 2917 826 2992 tintinnabulo
848 2917 999 3021 medio,
1029 2914 1067 2990 δι
1097 2918 1253 2992 totidem‘
1268 2922 1312 3005 ab
1342 2920 1413 3007 aliis,
1435 2938 1601 3015 quatuor,
1630 2929 1822 3023 pendeant,

268 3044 409 3114 quatuor
426 3018 585 3094 :malleoli
614 3015 768 3089 metallici
799 3034 852 3087 ex·
872 3013 1096 3105 finetenus,
1125 3016 1272 3090 utulliei
1298 3040 1318 3090 a
1342 3020 1558 3095 tintinnabulo
1583 3026 1694 3101 medlo
1783 3069 1798 3085 ·

269 3122 356 3206 fint,
381 3121 481 3211 idque
501 3114 651 3208 'pulsnm'
672 3134 752 3185 mors
772 3110 913 3205 repelli,
937 3108 975 3185 du
998 3124 1139 3203 quatuor
1160 3117 1323 3188 exteriora
1347 3117 1489 3208 pulsaret
1515 3042 1810 3221 baffi

270 3220 341 3289 rito
365 3214 501 3307 susperdi
524 3228 598 3285 nou
619 3206 914 3282 amittant-sursum
937 3206 1182 3303 eleetricitatem
1205 3206 1573 3321 acceptam-,jeddua
1599 3210 1701 3317 totam
1717 3244 1795 3297 cum
1863 3240 1888 3287 .·
1920 3242 1936 3279 -·

270 3313 484 3385 exterioribus
514 3305 737 3380 tintinnabulis
768 3298 1050 3379 communierat?
1066 3326 1141 3399 quae
1175 3306 1318 3400 suspensa
1334 3304 1392 3383 ”ix
1424 3308 1488 3391 filis
1519 3310 1688 3393 metallicis
1721 3342 1794 3393 eam
1948 3318 1954 3327 '

268 3408 408 3482 fiendum
430 3410 464 3480 irr
487 3405 592 3478 fulera
614 3401 839 3489 aneleetrica,
856 3403 904 3473 ita
925 3398 964 3474 dt
984 3403 1059 3475 bec
1083 3400 1120 3476 dt
1142 3404 1286 3479 malleoli
1311 3410 1467 3484 orbantur
1489 3406 1724 3505 el'etlricitate,
1758 3438 1796 3491 ut
1909 3464 1918 3473 -
1948 3448 1955 3455 ·

268 3506 383 3578 cadere
407 3509 524 3578 iterum
548 3503 584 3571 in
608 3495 860 3569 tintinnabulum
883 3497 1029 3571 ωεὰἰυω
1052 3498 1189 3592 polline,
1204 3498 1251 3572 'dt
1275 3504 1386 3579 denuo
1412 3508 1482 3580 fieri
1506 3511 1683 3621 eleari-cip

314 3629 347 3727 i.
371 3624 681 3703 Dechxvill
696 3622 888 3719 ¹Utcunque
911 3600 977 3701 leni
995 3627 1132 3733 flamine.
1149 3630 1276 3733 effluvia
1299 3635 1449 3712 eletldca
1473 3641 1574 3731 fluere
1597 3604 1683 3721 cirea
1702 3649 1790 3741 -synr-

265 3727 486 3822 peneleetrica
517 3722 620 3799 tadtui
651 3738 856 3815 appareant,
886 3746 955 3799 non
987 3744 1096 3799 mmm
1128 3724 1207 3801 flatu
1239 3736 1326 3804 venti
1351 3738 1502 3829 naturdis
1516 3732 1546 3827 ,'
1561 3762 1618 3815 aut
1640 3744 1788 3835 follium,

266 3826 354 3920 abigi
378 3821 430 3893 vel
454 3820 566 3893 difflari
589 3818 739 3913 poliunt:
764 3820 850 3893 adeo
872 3840 911 3894 ut
932 3820 1003 3915 Aer
1025 3822 1168 3911 emunt,
1193 3830 1249 3918 qui
1274 3828 1342 3923 ipse
1357 3830 1674 3951 estipioeietiricus,
1698 3842 1733 3913 in
1747 3828 1806 3919 eal

266 3941 335 4012 prae
366 3923 489 3992 rantate
521 3915 557 3989 ur
591 3914 792 4002 subtilitate,
822 3938 879 3989 aut
917 3918 1095 3993 constantia
1125 3923 1160 3995 in
1192 3944 1315 4016 motu,
1343 3930 1398 4001 vix
1425 3926 1593 4019 rneurr'ere
1615 3926 1799 4031 nutam,

267 4016 542 4108 quemadmodum
564 4014 640 4087 solis
664 4013 773 4087 radios
795 4016 892 4090 etiam
916 4034 1034 4110 parum
1056 4038 1266 4095 commovere
1290 4020 1374 4098 solet
1396 4024 1521 4105 venun.

312 4135 345 4236 §-
370 4134 643 4251 peculium
669 4140 704 4216 Si
728 4144 1030 4241 virgremetallieae,
1053 4151 1109 4225 iila
1129 4154 1312 4238 metallica,
1335 4178 1392 4232 aut
1413 4158 1507 4233 funes
1529 4166 1702 4239 cannabinl
1726 4166 1784 4239 ali-

265 4258 349 4330 quot
369 4258 513 4329 Jacentes
526 4242 561 4310 in
584 4239 811 4327 idioilediricis
826 4242 945 4317 firerint
958 4251 1153 4342 interrupti,
1179 4251 1215 4324 da
1238 4257 1345 4326 minus
1370 4257 1389 4326 i
1413 4257 1446 4328 se
1469 4258 1659 4350 distiterint,
1684 4287 1784 4359 quarn

264 4335 311 4404 eil
335 4335 442 4406 radius
464 4333 684 4427 nnnosphetae
707 4336 936 4429 effluviorum,
966 4346 985 4414 i
1010 4346 1075 4436 qui
1098 4350 1309 4438 ambiuntur,
1340 4351 1466 4427 effluvia
1497 4358 1674 4434 traoiliunt
1696 4363 1781 4435 hiul-

261 4451 351 4542 cos,
382 4426 610 4546 &adterioms
639 4431 735 4545 fungi
756 4436 878 4509 ambire
902 4458 1069 4537 pergunt,
1102 4446 1221 4525 minori
1246 4468 1353 4521 tamen
1386 4454 1508 4544 copid,
1545 4477 1614 4548 quo
1652 4457 1779 4530 funium

259 4547 363 4623 mapor
387 4526 434 4603 est
458 4528 631 4639 dustanus,
654 4534 768 4628 majori
792 4536 911 4630 cupii,
935 4559 1006 4635 quo
1027 4540 1122 4713 sutae&
1145 4541 1264 4621 fuerim
1286 4551 1478 4645 propiores:
1503 4554 1526 4624 sr
1551 4574 1659 4641 autem
1682 4553 1777 4716 funuffs

1132 4660 1166 4713 m
1691 4665 1723 4716 m
1762 4685 1775 4702 ·
