4282 5962
303 314 393 425 ιω·
500 266 1639 395 ostraceum-rotaria·

305 498 693 595 corporaidioeletlrico
715 486 852 593 srictto,
876 490 914 569 &
936 488 1076 597 fluidum
1098 496 1201 573 fluido
1223 501 1384 589 occurrit,
1410 520 1483 576 tum
1495 500 1697 595 aliquantum
1710 498 1825 581 dead·

309 610 381 683 mm
405 596 475 670 'edit
497 598 602 669 lucem
624 594 845 693 conspicuum·

337 704 717 809 ,5.Dccccxx111.
748 706 784 779 si
808 702 944 779 effluvia
967 704 1117 778 elestrica
1139 704 1181 779 ad
1206 704 1359 796 spheram
1380 704 1522 799 amplam
1544 710 1680 791 vitream
1704 709 1824 785 excita·

305 820 338 879 tlt
361 802 445 877 colli
479 824 573 891 ntur,
596 804 841 903 diriganturque
860 824 897 875 ut
911 800 1018 875 fluant
1040 806 1128 875 circa
1151 800 1267 877 tubum
1289 800 1428 873 ferreum
1448 804 1502 875 vel
1524 802 1721 889 stridorem,
1748 824 1825 895 quae

303 900 399 995 plani
423 824 614 993 aspernere,
649 900 703 973 vel
726 898 859 993 cuspide
881 900 996 973 obtusi
1019 906 1233 985 terminatur,
1261 897 1401 971 somrant
1423 898 1554 973 effluvio
1576 903 1609 973 io
1632 904 1709 972 aire
1731 901 1829 991 peni·

304 998 416 1070 cilium
432 1000 603 1071 radiorum
629 998 826 1086 lucentium,
850 996 1029 1070 admodum
1053 996 1313 1095 divergentium,
1337 1017 1477 1087 quorun
1500 1018 1582 1089 apex
1605 999 1743 1095 angulo,
1770 1018 1831 1070 aut

304 1094 361 1167 llui
373 1130 396 1180 ,,·
420 1094 473 1167 rel
486 1094 622 1187 ¹cuspidi
654 1094 806 1165 siricium
838 1095 948 1167 tubive
971 1094 1182 1181 adhaerescit‚
1206 1114 1287 1165 mox
1311 1092 1491 1185 explicatur
1512 1096 1547 1166 in
1569 1092 1705 1165 formm
1730 1094 1826 1167 Coni

303 1189 375 1262 latre
399 1190 533 1262 bdseos:
559 1190 731 1283 penicillus
755 1186 868 1261 est'eo
890 1190 1015 1281 major,
1047 1184 1083 1261 dt
1107 1186 1301 1281 splendidius
1326 1188 1497 1278 coruscat,
1525 1211 1594 1280 quo
1617 1190 1752 1354 anpulus
1775 1192 1828 1263 so·

304 1285 389 1357 lidus
413 1288 455 1357 'ad
479 1286 579 1357 linem
603 1284 760 1360 auctura
784 1284 831 1381 est
853 1286 981 1379 major;
1012 1285 1058 1356 eli
1081 1275 1251 1380 penicillus
1275 1304 1319 1353 eo
1342 1282 1512 1357 minor&
1536 1286 1666 1357 imbecil
1680 1289 1755 1356 ioris
1778 1288 1828 1357 lu·

304 1384 423 1467 minis,
448 1403 516 1475 quo
538 1383 675 1479 angulus
699 1382 819 1475 solidus¹
841 1382 887 1451 cli
910 1386 1019 1455 minor
1046 1384 1109 1453 five
1132 1384 1258 1453 acutior
1271 1402 1284 1449 t
1297 1380 1344 1451 -Si
1368 1382 1467 1477 igitur
1489 1384 1634 1454 stridlura
1656 1380 1758 1454 ferrea
1781 1382 1828 1455 est

306 1480 489 1571 quadrata,
512 1478 693 1569 penicillus
717 1478 839 1575 angulo
863 1480 904 1549 ad
929 1480 1028 1551 linem
1053 1476 1272 1551 adhaerescens
1296 1475 1343 1547 est
1366 1476 1461 1547 valde
1484 1500 1649 1573 magnus:
1681 1478 1827 1551 omnium

303 1576 489 1667 pulcerrimi
514 1574 585 1646 sunt
611 1575 786 1667 penicilli‚
817 1574 840 1643 li
865 1572 1007 1647 stridura
1032 1578 1097 1649 line
1128 1572 1273 1647 rotundo
1303 1572 1450 1657 defluat,
1485 1577 1584 1667 eique
1608 1594 1750 1665 corpora
1774 1598 1828 1647 ro·

304 1672 474 1743 mndarum
505 1674 742 1741 extremitatum
775 1670 1005 1742 obvertanmrr
1038 1671 1129 1764 cujus
1154 1669 1363 1762 phaenomeni
1386 1672 1544 1741 rationem
1568 1692 1637 1741 non
1658 1670 1832 1743 infeliciter

301 1766 455 1857 expedire
478 1762 606 1837 annistu
625 1765 672 1836 est
692 1766 748 1837 Cl.
772 1764 927 1862 Nollctus
953 1766 1032 1861 (a);
1055 1773 1211 1840 invocans
1234 1764 1438 1839 resistentiam
1462 1768 1567 1850 aeris,
1591 1768 1626 1835 in
1650 1786 1749 1855 quem
1774 1770 1829 1839 in-

300 1864 404 1935 currit
425 1862 621 1955 penicillus,
654 1861 750 1934 radiis
773 1862 1017 1957 divergentibus
1041 1862 1218 1949 constans,
1250 1872 1327 1939 cuni
1356 1860 1502 1955 audique
1524 1864 1610 1931 circa
1634 1882 1755 1951 corpus
1780 1862 1830 1933 af·

304 1958 437 2045 fluunt,
463 1954 498 2027 dt
521 1958 565 2027 ad
588 1958 742 2055 angulum
765 1960 1044 2047 determinantur,
1074 1984 1095 2033 a
1118 1980 1189 2051 quo
1210 1956 1405 2043 avolantes,
1434 1956 1611 2029 necessario
1643 1956 1829 2051 divergunt.

302 2056 407 2153 igitur
429 2053 656 2146 penicillonrm
681 2054 759 2126 radii
783 2060 853 2127 cito
885 2054 1090 2153 divergentes
1114 2056 1197 2129 fiunt
1220 2058 1253 2127 in
1277 2052 1344 2127 bali
1369 2054 1454 2149 adeo
1477 2054 1569 2135 rari,
1593 2072 1630 2123 ut
1652 2050 1685 2123 s!
1710 2054 1831 2125 oculo·

298 2152 478 2321 Eum-dacia
496 2149 701 2239 subducant,
725 2154 864 2248 majores
887 2156 1063 2228 comitatur
1085 2152 1255 2251 fiigutiens
1277 2148 1440 2241 susurrus,
1463 2148 1516 2224 vel
1532 2148 1640 2220 fibilus
1662 2146 1751 2220 clarc
1773 2172 1832 2223 au·

325 2270 377 2320 ten
403 2272 451 2319 us.
1364 2310 1367 2315 .

351 2343 474 2421 sibilus
497 2342 708 2419 uelocitatem
731 2336 875 2431 indicat,
900 2346 1139 2441 quo‘penicilli
1162 2346 1326 2437 eketrrci,
1352 2348 1511 2417 continuo
1535 2342 1700 2429 maorati,
1723 2343 1832 2417 adrem

302 2442 507 2537 percellunt:
530 2440 601 2515 hoc
624 2442 730 2517 modo
753 2446 887 2529 erolans
911 2442 1103 2519 eledlricitas
1126 2465 1188 2536 per
1207 2446 1317 2515 adrem
1342 2438 1544 2513 diffunditur.

355 2536 507 2611 Penicilli
531 2558 618 2626 aper
644 2540 766 2611 coloris
791 2542 837 2611 eli
862 2540 1081 2625 rubescentis,
1097 2562 1184 2611 mox
1208 2544 1289 2609 ver'o
1312 2538 1492 2625 explicatus
1514 2556 1617 2607 conus
1640 2534 1835 2627 pallidecae·

301 2632 433 2703 rulescit
455 2632 506 2699 vel
530 2634 750 2719 purpurascit,
774 2634 853 2702 radii
876 2637 912 2701 in
937 2634 1006 2703 totd
1030 2634 1236 2725 longitudine
1259 2652 1354 2699 motu
1379 2630 1518 2699 tremulo
1542 2634 1720 2723 agitantur:
1741 2654 1835 2731 mag·

301 2722 420 2799 nitudu
451 2722 595 2809 penicilli
625 2728 734 2793 conici
765 2726 923 2815 discrepat
954 2747 1016 2813 pro
1046 2726 1144 2813 cupii
1166 2722 1376 2799 effluviorum
1403 2717 1438 2791 dt
1461 2724 1557 2791 Adria
1582 2726 1833 2801 constitutione:

301 2816 478 2907 aliquando
502 2816 675 2905 penicillus
700 2816 747 2887 est
771 2816 886 2899 duos,
912 2834 1043 2901 ueste,
1068 2820 1136 2887 imo
1161 2818 1306 2905 quinque
1331 2816 1408 2907 (b)
1423 2816 1572 2904 'pollices
1596 2816 1740 2911 longus,
1772 2826 1833 2895 ari.

302 2910 437 3005 quando
459 2912 513 2981 vix
537 2908 672 3000 equalis
696 2910 908 3001 semipullici:
934 2911 1015 2981 bulis
1039 2912 1193 2981 diameter
1214 2910 1390 2999 aliquando
1412 2908 1516 2999 major
1536 2910 1583 2979 est
1607 2912 1736 2983 duobus
1751 2919 1827 3005 pol·

301 3010 440 3087 ficibus,
464 3004 518 3079 sed
543 3006 606 3079 stre
629 3006 800 3099 penicillus
823 3006 927 3100 major
949 3006 1095 3077 minorve
1118 3002 1235 3091 fucrit,
1251 3002 1319 3095 pra
1342 3005 1470 3077 mritate
1494 3002 1530 3077 dt
1553 3004 1718 3079 debilitate
1742 3008 1828 3083 lucis

307 3108 466 3181 terminus
490 3104 641 3199 distingui
665 3106 789 3195 nequit.
842 3102 901 3177 Est
922 3100 979 3173 lux
1001 3100 1098 3175 instar
1120 3102 1294 3173 ilamrnirlae
1317 3100 1495 3174 admodum
1520 3122 1626 3188 ratae,
1651 3124 1721 3176 non
1743 3107 1830 3179 mul.

308 3226 378 3280 tum
405 3206 510 3295 vicina
535 3204 660 3295 obJ‘edia
684 3202 903 3271 illuminantis.

353 3300 388 3370 Si
414 3301 449 3365 in
475 3296 616 3367 stridori
642 3298 706 3367 sve
727 3296 816 3391 virgi
839 3296 943 3374 serres
966 3318 1067 3399 gutta
1091 3298 1246 3391 Aquae,
1269 3296 1323 3369 vel
1346 3318 1452 3367 arente
1476 3318 1601 3391 gruna,
1625 3296 1677 3369 vel
1702 3298 1831 3373 limatu-

307 3416 345 3469 ra
374 3391 450 3463 ferri
480 3410 535 3460 aut
559 3392 631 3462 aris
655 3392 731 3465 hinc
756 3393 832 3463 inde
853 3392 1009 3487 jaceant,
1034 3396 1225 3490 supraque
1249 3394 1292 3465 ad
1315 3392 1441 3486 aliquot
1464 3393 1621 3483 pollicum
1651 3394 1834 3471 distantiam

307 3510 422 3567 manus
444 3506 639 3577 moueatur,
670 3512 712 3561 ex
736 3490 880 3581 qualibet
903 3496 1024 3595 gotta,
1046 3492 1212 3578 arenula,
1235 3508 1293 3563 aut
1314 3488 1391 3563 serti
1414 3490 1584 3589 limaturi,
1609 3488 1646 3563 δι
1668 3514 1711 3563 ert
1734 3515 1833 3569 manu

306 3582 455 3681 penicilli
488 3583 601 3655 radiosi
632 3586 749 3659 similes
779 3590 920 3665 evolant.
986 3594 1024 3667 st
1054 3590 1198 3663 liridlura
1227 3586 1331 3661 ferrea
1353 3610 1422 3660 non
1452 3588 1622 3661 definitio
1645 3590 1835 3684 cuspidem,

307 3680 453 3777 penicilli
478 3682 593 3753 radiosi
618 3686 694 3759 hinc
717 3686 795 3759 inde
818 3688 861 3761 ad
883 3690 1022 3789 angulos
1047 3706 1211 3761 extremos
1235 3686 1509 3775 conspiciuntur,
1535 3688 1611 3777 quia
1634 3689 1750 3781 maiori
1775 3708 1834 3759 co-

308 3782 367 3873 pia·
394 3781 442 3849 ibi
473 3778 605 3855 effluvia
637 3784 859 3886 colliguntur:
891 3786 969 3861 ideo
998 3789 1095 3858 etiam
1119 3786 1205 3855 udor
1227 3782 1395 3853 eletlricur
1417 3779 1615 3873 potissimum
1636 3804 1742 3873 prope
1765 3784 1837 3855 liri·

311 3878 412 3949 durae
437 3898 642 3974 extremum,
668 3902 737 3953 non
762 3884 848 3953 circa
870 3886 1035 3967 medium,
1062 3882 1249 3972 percipitur.
1297 3876 1413 3945 Tradit
1435 3874 1491 3945 ct.
1519 3876 1726 3948 Wincltlerus
1751 3878 1835 3975 (c)

311 3972 527 4063 se³apicibus
559 3982 719 4069 virgarum
742 3978 973 4049 memllicarum
997 3974 1221 4069 phosphorum
1252 3968 1404 4058 illirilse,
1432 3989 1569 4063 tumque
1591 3972 1835 4051 electricitrtem

308 4068 485 4163 penicillos
510 4072 655 4143 radiolos
678 4068 827 4145 formalia
851 4072 877 4145 6
898 4072 952 4145 vel
973 4092 1000 4165 7
1022 4071 1163 4161 pollices
1187 4067 1332 4167 longos,
1354 4068 1531 4160 apicesque
1553 4070 1733 4161 apparuise
1756 4094 1837 4145 can.

311 4164 486 4241 aarum.
521 4168 557 4242 Si
587 4164 705 4243 caeluru
734 4164 933 4243 clet'tricitrti
962 4190 1033 4243 nou
1060 4166 1192 4255 srvat,
1222 4164 1308 4261 sepe
1336 4168 1446 4241 cretur
1475 4184 1514 4241 ut
1543 4166 1688 4265 penicilli
1718 4168 1834 4243 radiod

1766 4286 1837 4343 nou

351 4430 411 4509 (a)
432 4432 532 4496 l'illst.
553 4430 591 4491 de
611 4428 724 4493 t’nerd.
744 4428 823 4507 liop.
845 4426 900 4493 Ao.
916 4442 1002 4505 tter·
1019 4442 1090 4509 m,
1106 4440 1176 4501 Μ
1188 4424 1245 4507 ‚53
1258 4440 1304 4502 ,32
1325 4432 1364 4502 Ι,
1386 4440 1429 4509 34¹

377 4514 418 4593 l>
437 4514 543 4579 Nollet
564 4508 728 4572 Rechertea
748 4510 795 4571 sut
815 4506 1016 4573 l'liledrl'cite.
1034 4524 1101 4590 pag.
1123 4522 1194 4583 270.

378 4596 417 4675 e)
437 4592 611 4667 alteratur
629 4588 711 4663 altit
735 4588 787 4657 dra
807 4586 956 4695 walleri,
973 4602 1049 4693 ¹etp·
1063 4604 1092 4669 a.
1108 4586 1140 4671 l.
1161 4594 1212 4652 aa.
1230 4598 1297 4667 pap
1319 4588 1370 4665 aa
