4282 5962
507 169 1580 287 uJusQusnrrarsurrs.
1754 215 1805 296 ιφ

271 405 319 463 rat
331 380 435 456 modo
453 377 591 472 pertesi
611 377 763 466 partibus.
815 373 846 441 Si
864 394 969 463 partes
990 368 1108 442 fuerint
1130 369 1306 448 moleculrc
1326 378 1544 465 compofitae,
1571 402 1722 471 poterunt
1737 403 1803 451 rur·

273 484 324 555 su,
346 480 444 552 dividi
458 483 490 548 in
507 478 667 558 minores,
691 470 725 542 dc
743 473 782 540 src
801 493 921 560 porro,
947 470 1054 538 donec
1069 467 1198 538 tandem
1210 475 1433 560 perveniamus
1449 476 1490 544 ad
1504 480 1640 549 unitates
1656 506 1721 551 non
1737 503 1804 559 arn.-

270 575 581 673 pliuscompofitas,
609 593 680 662 quae
707 568 777 639 lirnt
803 573 949 658 Aterni,
976 566 1180 658 Elementa,
1210 569 1339 640 Ultima
1356 571 1485 663 solida,
1512 575 1714 662 individua,
1741 582 1801 649 ln·

265 677 443 778 secabilia,
468 676 601 748 Semina
621 693 752 756 rernm,
782 670 911 758 iniisti,
937 666 1106 758 Principes
1126 681 1250 759 partes.
1309 666 1390 738 Non
1406 692 1484 748 vero
1503 674 1566 742 ulla
1591 678 1636 744 vis
1663 675 1801 752 Nrturae

271 799 327 848 aut
347 777 421 859 artis
434 792 557 863 partem
568 767 731 841 indivisam
750 764 811 835 live
828 768 980 841 unitatem
996 761 1134 857 frangit,
1154 786 1228 833 cunr
1247 765 1402 854 porosrtas
1416 789 1483 838 non
1498 769 1532 839 fit
1548 770 1688 855 infinita,
1704 771 1803 846 adeo

272 894 336 966 que
352 871 373 940 st
389 869 501 943 divisio
517 889 560 939 eo
575 889 677 956 usque
707 866 739 934 in
763 861 849 932 mole
865 859 960 930 suerit
976 859 1134 944 instituta,
1161 881 1196 930 ut
1214 863 1368 951 particula
1388 887 1476 936 mere
1499 866 1596 937 solida
1614 920 1626 954 ,
1657 891 1726 940 non
1742 891 1803 961 po·

269 969 340 1049 rosa
355 967 506 1058 superfit,
532 962 705 1056 quomodo
733 960 808 1030 haec
833 959 1017 1052 frangetur,
1043 955 1122 1031 nihil
1137 960 1223 1028 enirn
1237 961 1321 1035 inter
1336 983 1442 1050 partes
1458 965 1583 1058 ingredi
1599 971 1744 1056 poterit:
1780 966 1803 1036 fi

269 1065 335 1139 boc
357 1065 426 1135 fieri
442 1063 553 1154 posse,
579 1081 633 1130 aut
654 1058 771 1127 iactum
784 1055 866 1140 elle,
892 1076 959 1124 uno
980 1052 1142 1134 constaret
1156 1059 1409 1154 experimento,
1439 1061 1708 1138 concluderemus
1729 1086 1803 1137 cor»

267 1185 351 1256 pora
373 1165 447 1232 adiu
469 1158 561 1251 poffe
588 1155 711 1232 in'iinite
730 1152 840 1231 dividi.

316 1279 349 1378 s.
375 1274 518 1349 LXVll.
545 1272 703 1343 Nondum
724 1271 820 1364 igitur
838 1269 869 1337 in
889 1266 1047 1358 Phylea,
1074 1290 1150 1357 qua·
1168 1269 1264 1338 certis
1280 1269 1392 1339 nititur
1407 1270 1681 1345 observationibus
1697 1271 1731 1344 δι
1748 1296 1804 1358 ert.

266 1377 479 1470 perimentis,
502 1370 745 1441 divisibiliratem
760 1364 879 1445 realem
906 1365 935 1458 s.
964 1388 1022 1457 59.
1048 1362 1325 1442 effeAnriburum
1345 1371 1509 1457 corporis,
1537 1391 1591 1439 aut
1616 1392 1714 1442 omne
1729 1395 1802 1443 ρος,

267 1495 332 1566 pus
356 1472 419 1543 elle
435 1493 493 1541 ens
509 1467 723 1557 compositum
740 1486 781 1534 ex
805 1461 957 1533 similibus
970 1463 1168 1547 minoribus,
1195 1459 1230 1531 dc
1246 1462 1322 1531 haec
1339 1465 1454 1535 iterum
1477 1488 1518 1535 ex
1531 1471 1711 1548 minoribus
1728 1471 1801 1540 abs·

269 1593 336 1662 que
352 1570 416 1641 line
430 1569 564 1645 statuere
579 1566 675 1649 licet;
701 1584 777 1640 cum
795 1582 999 1653 nequaquam
1023 1559 1277 1638 demonstratum
1303 1560 1363 1645 sit,
1391 1564 1538 1633 minimas
1561 1567 1733 1655 particulas
1751 1570 1799 1639 vi·

268 1670 358 1739 ribus
382 1667 453 1737 ullis
477 1685 600 1738 naturae
625 1659 717 1753 polle
734 1661 866 1733 ulterius
889 1659 1014 1739 dividi,
1049 1657 1102 1726 sed
1125 1660 1233 1744 potios
1255 1679 1298 1728 cx
1321 1658 1598 1732 observationibus
1620 1667 1653 1734 in
1677 1661 1709 1760 i.
1731 1664 1807 1752 61,

267 1765 339 1850 62,
365 1765 434 1856 63,
460 1765 525 1854 64,
554 1764 626 1854 65,
643 1761 829 1833 memoratis
846 1758 1043 1832 conearium
1060 1752 1225 1846 sequatur,
1251 1760 1397 1846 quamvis
1421 1779 1560 1849 corpora
1579 1759 1734 1852 major-aa
1753 1763 1800 1852 vif

265 1863 355 1936 ribus
383 1862 577 1934 extrinsecus
596 1858 766 1949 applicatis
780 1855 957 1926 admotisre
980 1862 1011 1924 in
1031 1875 1135 1944 partes
1151 1856 1294 1924 minores
1309 1855 1414 1925 dirimi
1439 1855 1570 1928 soleant.

314 1971 348 2062 §.
374 1970 532 2047 LXVlll.
559 1971 625 2043 Sed
641 1990 813 2061 quousque
836 1968 948 2038 divino
971 1989 1166 2058 corporum,
1193 1989 1271 2056 quae
1299 1972 1423 2041 traciari
1445 1970 1596 2061 pellunt,
1621 1973 1799 2064 perlicivel

265 2090 351 2156 arte,
375 2069 428 2142 vel
445 2091 463 2139 a
480 2090 594 2142 natura
617 2068 734 2145 soleat,
760 2070 975 2162 ignoramus,
1012 2087 1053 2134 an
1078 2084 1201 2139 tantum
1227 2068 1389 2155 usquead
1412 2067 1535 2157 aliquas
1560 2066 1594 2141 δι
1617 2070 1801 2144 constantes

263 2167 473 2251 moleculas,
496 2187 634 2259 quarum
660 2164 803 2238 concilio
824 2162 949 2252 semper
968 2161 1053 2231 idem
1072 2182 1177 2255 genus
1204 2184 1381 2253 corporum
1403 2163 1659 2237 instauraretur?
1693 2191 1733 2237 an
1753 2168 1802 2239 us·

266 2285 334 2351 que
352 2262 394 2330 ad
415 2265 582 2332 lltomosi
609 2266 676 2332 cito
696 2265 781 2328 enim
802 2257 941 2328 sensibus
966 2257 1107 2339 nostris,
1131 2258 1283 2344 quolibet
1296 2259 1434 2332 artificio
1450 2260 1592 2350 adjutis,
1618 2263 1802 2336 subducun÷

254 2375 340 2441 cur,
364 2355 500 2444 quando
515 2359 554 2421 iis
568 2373 709 2440 corpora
722 2352 900 2418 admodum
922 2353 1038 2441 exigua
1060 2350 1279 2437 subjiciuntur.
1351 2377 1356 2386 ·

259 2510 262 2515 -
315 2460 349 2554 §ss
374 2461 503 2534 LXIX.
529 2461 588 2532 Est
610 2464 808 2529 Atomorum
828 2459 977 2527 doctrina
993 2456 1231 2543 annquiffinn,
1257 2460 1344 2530 culta
1361 2483 1379 2530 a
1398 2460 1569 2549 Moscho,
1600 2465 1804 2562 Leucippo,

263 2559 493 2639 Democrito,
519 2555 691 2647 Epicuro,
716 2551 891 2635 Lucretio,
917 2548 1107 2636 Galiondo,
1133 2550 1335 2638 Newtono,
1361 2554 1579 2642 Boerbavio,
1612 2559 1803 2658 Desagulie-

264 2661 338 2740 rin,
365 2654 448 2726 Mac
463 2651 633 2731 Laurino,
658 2651 816 2740 aliisque:
846 2647 1058 2718 statuentibus
1073 2650 1216 2717 Aromos
1237 2648 1302 2719 elle
1327 2651 1517 2741 corpuscula
1537 2655 1714 2730 admodum
1736 2668 1803 2736 exi.

264 2774 349 2859 gua,
375 2773 417 2822 ex
443 2752 560 2840 quibus
584 2749 695 2817 omnia
719 2766 859 2836 corpora
881 2744 1002 2834 majora
1026 2762 1302 2832 componuntur,
1327 2746 1413 2817 adeo
1434 2767 1472 2819 ut
1492 2749 1552 2820 lint
1576 2771 1727 2845 tanquam
1752 2784 1802 2831 re.

265 2873 337 2924 rum
360 2848 521 2930 exordia,
543 2868 623 2936 quac
650 2842 743 2913 Deus
759 2845 792 2913 in
814 2843 977 2932 principio
998 2843 1145 2924 creavit,
1178 2845 1352 2933 exquibus
1369 2848 1481 2916 omnia
1505 2868 1645 2938 corpora
1669 2855 1801 2928 coalue-

176 3018 181 3031 ,
261 2970 364 3022 runt:
388 2944 504 3017 volunt
519 2943 650 3028 insuper
668 2938 857 3027 Philosophi
875 2941 1017 3007 Atomos
1033 2960 1103 3007 non
1122 2958 1246 3010 tantum
1270 2938 1334 3010 elle
1351 2941 1522 3026 extensas,
1557 2944 1611 3015 sed
1635 2953 1725 3039 poris
1743 2978 1798 3025 ex.

264 3065 401 3139 penes,
433 3037 529 3132 plane
547 3035 689 3121 solidas,
720 3033 839 3119 duras,
866 3032 1001 3121 firmas,
1035 3037 1281 3121 immutabiles,
1316 3040 1605 3130 impenetrabiles,
1640 3046 1799 3146 pampas,

198 3167 199 3172 ¹
265 3141 431 3214 mobiles·
1175 3174 1183 3199 Α·
1611 3170 1613 3175 ·

312 3253 345 3355 §-
369 3251 480 3326 LXX.
513 3252 547 3324 Si
577 3269 666 3322 nunc
694 3267 895 3341 quaeratur,
926 3266 1181 3339 propterquam
1204 3248 1363 3317 rationem
1390 3268 1531 3340 corpora
1550 3252 1623 3323 lbnt
1650 3255 1801 3344 errenn,

266 3373 394 3429 auteur
412 3375 480 3423 non
495 3349 681 3419 dividuntur
697 3350 729 3416 in
747 3347 902 3416 infinitam
926 3345 1148 3435 parvitatem?
1180 3343 1411 3436 Respondeo,
1446 3352 1522 3437 quia
1540 3347 1634 3419 Deus
1659 3351 1736 3422 haec
1755 3356 1800 3436 ici

265 3472 402 3546 propter
432 3449 574 3517 rationes
598 3441 859 3530 saplentifflmas,
895 3444 952 3531 ipsr
983 3463 1104 3512 tantum
1137 3464 1258 3526 notas,
1291 3464 1399 3514 creare
1427 3445 1554 3517 voluit:
1587 3448 1799 3538 nobisque‘m

265 3549 467 3620 voluntatem
493 3538 528 3609 δι
551 3536 682 3608 confilia
701 3536 807 3609 divina
830 3537 961 3607 ulterius
984 3556 1152 3625 penetrare
1176 3538 1361 3610 eoncessum
1386 3544 1453 3612 non
1480 3544 1551 3628 ella
1580 3565 1648 3614 -nec
1677 3568 1799 3645 magno

266 3644 379 3716 labore
402 3640 484 3712 ullos
505 3634 661 3704 faciemus
678 3632 888 3727 progressos,
910 3655 984 3703 cum
1008 3631 1103 3701 Deus
1124 3637 1263 3702 rationes
1285 3658 1352 3707 non
1369 3636 1526 3709 levelavit
1549 3663 1558 3706 τ
1594 3640 1719 3732 semper
1737 3646 1797 3715 au.

264 3761 331 3814 tem
349 3734 594 3830 quibuscunque
613 3732 787 3800 ratiociniis
801 3729 984 3811 subduilis,
1011 3725 1146 3799 &bene
1167 3731 1358 3820 perpenfis,
1383 3735 1416 3800 in
1431 3735 1595 3804 voluntate
1608 3737 1715 3807 divina
1735 3760 1795 3809 tct-

264 3839 467 3909 minabimur.
491 3831 647 3902 convenit
670 3826 724 3898 hic
744 3847 779 3897 ut
800 3827 905 3916 alibi,
936 3824 1025 3918 saepe
1050 3848 1174 3915 nocere
1198 3829 1329 3916 nimiam
1354 3831 1390 3917 in
1408 3829 1638 3922 perscrutando
1659 3820 1795 3935 diligen·

267 3936 357 4007 tiam.
1721 3938 1732 3943 ··

315 4048 348 4141 §-
374 4042 499 4115 LXXl.
523 4043 691 4139 Quoniam
713 4065 831 4142 magna
850 4064 991 4134 corpora
1012 4042 1197 4115 dividuntur
1219 4045 1252 4115 ln
1271 4047 1423 4132 minora,
1447 4068 1488 4118 an
1512 4047 1638 4118 neccsse
1657 4050 1733 4142 est,
1761 4036 1798 4140 pr

267 4151 301 4220 ln
315 4163 509 4238 quacunque
526 4141 698 4232 divisione,
717 4141 778 4211 live
800 4139 921 4211 reccllu
939 4143 1036 4237 partis
1061 4165 1080 4212 a
1099 4162 1217 4233 parte,
1248 4145 1378 4212 materia
1403 4144 1555 4233 quaedanr
1580 4146 1799 4250 heterogenea

266 4244 419 4327 accedat,
444 4262 521 4330 quae
543 4240 741 4331 copulationi
764 4244 903 4332 partium
919 4262 987 4310 non
1004 4239 1148 4324 idonea,
1182 4239 1213 4308 se
1231 4242 1314 4309 inter
1336 4261 1441 4332 partes
1463 4245 1678 4337 interponat?
1715 4251 1795 4335 Uni·

268 4341 426 4427 pericliter
449 4338 530 4428 poni
555 4337 620 4407 hoc
643 4338 786 4427 nequit,
819 4338 938 4408 etianrsr
961 4336 1135 4427 aliquando
1159 4340 1318 4422 eveniat,
1344 4344 1425 4409 *cum
1447 4362 1585 4431 corpora
1608 4345 1794 4416 dividuntur

266 4439 398 4524 euneb,
423 4433 650 4514 relsolruutur
664 4438 698 4509 in
717 4434 905 4524 menstruis,
930 4457 1004 4509 narn
1028 4435 1162 4518 sufficit,
1188 4454 1224 4506 ut
1243 4437 1275 4508 vi
1299 4435 1491 4512 extrinsecus
1515 4441 1596 4514 moli
1616 4444 1794 4537 applicata,

1103 4530 1188 4635 ¹³³
1695 4557 1807 4671 ss«.
