4584 6072
590 370 658 472 ¹54¹,
789 347 899 436 DE
957 337 1391 433 CORPORE
1449 340 1544 428 IN
1600 341 1978 444 GENERE
2078 383 2083 388 ·

593 570 636 624 err
660 544 855 640 quibusdam
877 538 1155 612 observationibus
1182 533 1406 632 colligentes,
1448 540 1558 609 omnia
1579 537 1742 614 filamenta
1772 545 1954 642 vegetando
1976 553 2056 622 verti
2087 555 2123 626 in

594 645 799 737 zoophyra,
832 661 910 728 quae
932 659 1047 708 omnes
1075 635 1196 726 species
1218 633 1513 718 animalculorum,
1544 635 1775 731 lVlicroseopiis
1792 662 1914 714 tantum
1932 644 2124 736 spet'tandu·

596 766 700 826 rum,
731 733 1069 826 comprehenderent:
1103 731 1178 802 haec
1203 729 1394 802 animalcula
1420 751 1478 820 per
1496 729 1653 818 fluidum,
1678 739 1711 806 in
1734 759 1802 827 quo
1819 759 1953 826 natant,
1978 743 2125 832 sidentia,

596 860 692 918 rnotu
713 838 921 916 orbarentur,
947 829 1050 902 rursus
1071 831 1103 898 in
1130 826 1330 900 substantiam
1352 823 1585 922 gelatinosam,
1623 832 1791 905 hiemantis
1808 837 2007 910 constantem
2033 891 2045 927 ‚
2075 865 2127 914 re·

533 985 547 1014 ,
599 936 702 1008 soluta
719 984 730 1017 ,
756 936 788 1002 in
804 929 979 1022 Zouphyta
995 931 1120 997 minora
1133 943 1333 998 verterentur
1344 922 1545 1018 :aQuoniam
1563 931 1780 1022 vegetabile,
1806 953 1861 1004 aut
1875 936 2021 1010 animalia
2038 961 2127 1030 quae·

598 1032 681 1106 libet
708 1034 741 1101 in
767 1029 864 1118 Aqua
889 1025 1131 1118 putrescentia,
1172 1025 1288 1117 exigua
1314 1021 1432 1093 tribua
1457 1024 1594 1094 viventia
1619 1031 1819 1113 continent,
1864 1027 1899 1099 bt
1925 1036 2138 1119 inveniuntur¹

599 1150 670 1200 non
691 1127 793 1198 niodo
815 1129 848 1194 in
875 1123 1037 1207 vasculis,
1062 1143 1135 1210 quae
1152 1139 1286 1209 aperta,
1318 1139 1372 1189 aut
1391 1117 1454 1192 sub
1470 1120 1526 1190 dio
1549 1119 1703 1192 steterunt
1724 1113 1857 1215 aperta,
1892 1125 2068 1201 sedetiam
2093 1136 2128 1204 in

599 1224 735 1296 vasculis
752 1221 886 1303 subere,
912 1221 1024 1314 ligno,
1049 1219 1166 1299 corio,
1192 1234 1247 1284 aut
1268 1215 1370 1284 vesica
1391 1214 1502 1314 clausis
1525 1213 1560 1286 bt
1584 1219 1770 1304 obturatis,
1800 1220 1884 1292 adeo
1907 1244 1942 1294 ut
1967 1246 2034 1296 non
2058 1249 2140 1297 cre-.

600 1322 720 1393 danurr
733 1319 810 1390 hacc
825 1315 1019 1388 animalcula
1034 1317 1068 1384 in
1083 1317 1189 1398 Aere,
1215 1331 1270 1382 aut
1291 1332 1374 1400 aqua
1390 1313 1478 1400 prius
1497 1311 1616 1398 fuure,
1648 1313 1682 1386 bt
1704 1315 1891 1388 alimentum
1921 1326 2129 1412 qurermtia,

600 1417 706 1488 odore
737 1414 987 1506 putrescentium
999 1430 1183 1501 corporum
1199 1407 1311 1478 alletia
1326 1406 1492 1480 transvisse
1511 1427 1634 1481 meatus
1657 1411 1797 1498 suberis,
1822 1415 1923 1510 ligni,
1948 1421 2054 1502 corii,
2075 1443 2130 1492 ve-

602 1515 702 1599 ncae,
727 1532 862 1600 tumque
881 1531 943 1581 nvn
959 1508 1115 1580 velsatus
1126 1509 1160 1577 in
1177 1505 1431 1599 putrescentibus
1441 1504 1623 1598 liquoribus
1639 1507 1796 1600 posuisse,
1822 1509 2068 1604 bodolenus,
2084 1520 2132 1592 uti

600 1613 643 1683 ab
660 1611 730 1680 aliis
755 1608 1013 1679 observatoribus
1035 1605 1183 1675 allernrm
1198 1601 1311 1675 fuerat.
2037 1631 2045 1674 ,-

651 1705 857 1777 Animalcnla
882 1706 1021 1776 viventia
1034 1705 1071 1772 in
1101 1723 1205 1792 aqua,
1230 1702 1286 1770 cui
1306 1699 1518 1791 putrescentia
1531 1702 1723 1797 vegetabilis
1744 1702 1879 1792 insunt,
1909 1710 1956 1780 uti
1971 1707 2096 1786 saenum
2116 1737 2141 1800 ,·

600 1802 709 1882 solia,
734 1801 854 1883 flores,
879 1801 987 1870 caules
1003 1818 1270 1890 quarumcunque
1294 1797 1499 1888 plantatum,
1524 1801 1613 1890 palla
1625 1799 1767 1886 farinae,
1798 1806 1913 1893 panis:
1950 1825 2005 1876 aut
2022 1813 2075 1880 cui
2098 1834 2138 1883 a-.

601 1921 686 1991 quae.
699 1919 780 1993 pam
800 1898 960 1990 quaelibet
972 1898 1054 1968 inest
1075 1895 1220 1966 animalis
1235 1894 1415 1979 terrestris,
1439 1895 1600 1980 natatilis,
1632 1897 1846 1987 insesiorupr,
1872 1901 1940 1988 uti3
1958 1901 2133 1988 Gelatina,

600 1995 661 2090 Jus
675 1996 814 2079 Carnis,
840 1993 1073 2078 Cantharides,
1100 1989 1322 2083 Millepedes‚
1343 1995 1494 2090 progigni
1510 1992 1555 2063 eil
1569 2015 1667 2085 quam
1688 1993 1917 2080 certissimum,
1941 2001 2085 2092 inprimis
2109 2004 2142 2090 li·
2255 2081 2256 2086 ,

600 2093 731 2178 calore,
757 2095 815 2184 qui
830 2091 991 2188 sanguinis
1011 2093 1144 2164 humani
1166 2090 1231 2180 est,
1255 2111 1433 2170 memorata
1446 2103 1585 2182 'corpora
1604 2090 1801 2180 foveantur,
1834 2113 1871 2164 ttt
1894 2097 1986 2168 citius
2003 2099 2133 2171 melius-
2255 2155 2256 2168 ,

601 2211 668 2282 que
686 2190 892 2282 putrescant:
923 2188 997 2260 Imo
1016 2187 1208 2260 animalcula
1228 2186 1303 2258 haec
1324 2187 1457 2278 spesiari
1477 2191 1512 2258 in
1537 2189 1668 2262 vasculis
1688 2239 1699 2274 ,
1739 2213 1817 2282 quae
1842 2190 1981 2280 subere,
2012 2194 2134 2290 ligno,

601 2290 718 2363 cono,
737 2288 841 2360 vesica
858 2286 962 2358 clausa
982 2286 1132 2368 suenrnt,
1156 2287 1268 2380 negari
1282 2287 1405 2373 nequit.
1453 2289 1608 2358 Attamen
1621 2285 1790 2358 difficultas
1810 2287 1970 2378 superest:
1997 2291 2031 2362 Si
2045 2296 2134 2366 enim
2255 2315 2256 2332 ¹

600 2404 790 2456 memorata
811 2403 918 2474 partes
936 2382 1175 2476 Vegetabihum
1193 2401 1249 2449 aut
1267 2379 1467 2452 Annualium
1482 2384 1694 2454 immittantur
1707 2383 1829 2474 ,phialis
1846 2387 1972 2473 vitreis,
2001 2411 2143 2479 quarum
2255 2421 2256 2458 1

627 2481 687 2552 ulae
704 2478 933 2548 accuratiffime
949 2479 1117 2568 epistomia
1143 2479 1243 2546 vitrea
1266 2478 1495 2558 conveniuntr
1538 2497 1637 2565 atque
1660 2478 1782 2567 phialae
1801 2481 1984 2554 ambiantur
2005 2483 2047 2553 ad
2075 2507 2140 2581 gu«,
2255 2461 2256 2514 3

599 2501 667 2647 Em
691 2595 795 2665 usque
810 2597 895 2664 aqua
911 2571 1074 2644 fervente.
1099 2593 1164 2659 qua
1179 2573 1276 2639 etiarn
1291 2571 1401 2658 aliquo
1426 2570 1526 2660 usque
1541 2571 1764 2660 impleantur,
1791 2593 1860 2646 tum
1879 2599 2029 2650 accurate
2049 2583 2141 2654 clau·

602 2671 720 2741 dantur
738 2671 913 2756 epistomia
935 2670 1057 2736 vitreo:
1086 2663 1284 2753 Huiusmodi
1300 2663 1416 2750 phialae
1433 2665 1487 2735 vel
1502 2669 1536 2734 in
1550 2666 1677 2736 musaeo
1696 2667 1878 2752 serventur,
1902 2675 1953 2744 vel
1969 2675 2139 2752 foveantur

604 2765 715 2836 calore
736 2765 897 2858 linguinis
924 2763 1081 2842 humani,
1116 2780 1185 2827 turn
1210 2777 1359 2828 currente
1385 2759 1583 2830 inclusorum
1605 2781 1783 2850 corporum
1804 2763 1989 2856 solutione,
2026 2796 2138 2863 putre·

604 2861 774 2939 sanione,
799 2877 854 2927 aut
874 2856 912 2926 ei
925 2855 1081 2946 perrea,
1104 2853 1217 2937 Vere,
1250 2851 1407 2938 AEliate,
1430 2858 1624 2940 Autumno,
1649 2879 1815 2947 nunquam
1836 2863 1938 2936 ullum
1958 2849 2139 2944 animalcu-¹

571 2980 578 2988 ·
607 2957 716 3028 lorutn
745 2955 920 3025 viventium
942 2951 1066 3046 lignum
1097 2950 1172 3033 en;
1197 2950 1327 3040 quein
1349 2949 1471 3038 phialis.
1490 2973 1560 3022 nun
1582 2949 1694 3024 clausis
1716 2955 1836 3026 eodem
1856 2977 2002 3050 tempore
2024 2991 2142 3043 nume,

608 3053 681 3126 rosa
702 3051 903 3144 spectantur:
930 3047 1025 3120 Ultra
1047 3067 1113 3140 150
1135 3046 1408 3128 observationes,
1438 3065 1507 3116 non
1533 3069 1629 3128 uno,
1664 3049 1719 3116 sed
1744 3044 1891 3138 pluribus
1913 3059 2138 3138 anniseodem

608 3150 729 3222 institui
760 3169 883 3221 eventu
896 3171 911 3216 ε·
931 3149 1028 3238 Aqua
1054 3165 1161 3214 autern
1180 3143 1324 3213 fervente
1340 3140 1414 3212 usus
1426 3142 1494 3227 fui,
1520 3163 1556 3214 ut
1571 3143 1594 3214 fi
1610 3143 1764 3232 quaedam
1776 3149 1989 3238 animalcula,
2014 3159 2066 3228 vel
2081 3182 2140 3232 eo.

608 3269 682 3320 rum
695 3269 777 3331 ova,
792 3265 848 3316 aut
865 3243 980 3326 satus,
995 3245 1027 3312 in
1037 3242 1134 3332 Aqua
1150 3240 1275 3320 forent,
1291 3240 1381 3329 prius
1395 3261 1608 3322 necarentur,
1634 3238 1668 3310 bt
1684 3241 1707 3310 fi
1725 3244 1878 3331 quaedam
1892 3248 2002 3322 forent
2018 3257 2052 3324 in
2069 3256 2145 3336 Ae',

609 3366 669 3425 re,
689 3359 745 3412 aut
760 3341 954 3431 corporibus
974 3337 1254 3429 putrefaciendis,
1292 3339 1388 3407 etiam
1417 3338 1507 3428 prius
1527 3340 1696 3426 perirent,
1728 3359 1795 3409 tum
1825 3346 1911 3414 enim
1935 3346 1991 3418 fidi
2011 3373 2142 3440 poterat

609 3439 860 3528 experimentis,
886 3433 957 3507 &st
976 3457 1044 3506 tum
1059 3453 1284 3526 comparerent
1299 3434 1466 3516 animalia,
1492 3433 1567 3504 baec
1585 3433 1603 3502 i
1618 3433 1854 3523 putrefactione
1871 3462 1980 3514 revera
1995 3468 2141 3544 progna·

610 3555 644 3608 ta
672 3532 796 3605 elsentr
833 3555 909 3604 cunr
931 3554 1037 3604 autem
1058 3531 1145 3604 nulla
1161 3551 1378 3621 apparuerunt
1403 3533 1436 3602 in
1462 3529 1621 3614 vasculis,
1662 3533 1800 3603 indicata
1825 3538 1984 3611 methodo
2005 3545 2141 3634 claufis,

607 3633 750 3705 evitium
773 3629 921 3702 nondum
944 3631 1104 3715 videtur,
1140 3627 1330 3700 animalcula
1362 3628 1529 3700 exsolutis
1552 3649 1607 3700 aut
1630 3627 1815 3718 putresaslis
1842 3640 2035 3726 corporibus
2063 3665 2144 3735 pro.

610 3733 724 3898 {gnie
758 3725 870 3824 Quare
893 3731 1048 3800 tamenin
1073 3726 1205 3799 vasculis
1227 3724 1359 3811 subere,
1385 3725 1496 3820 liguo,
1522 3728 1643 3805 corio,
1678 3726 1780 3799 vesica
1803 3729 1915 3802 claufis
1931 3734 2141 3820 cernuntur?

549 3827 552 3834 ’
646 3850 667 3898 n
686 3829 844 3917 nunquia
865 3827 950 3898 adeo
964 3827 1072 3897 tenuia
1088 3823 1176 3911 sunt,
1201 3821 1252 3893 vel
1267 3844 1381 3893 eorum
1398 3821 1497 3898 sottus
1509 3842 1565 3892 aut
1581 3820 1720 3903 semina,
1745 3841 1782 3892 ut
1798 3845 1898 3911 poros
1909 3827 2025 3906 horum
2043 3834 2144 3910 obtu.'

609 3943 830 3997 ramentorum
854 3943 1052 4014 permeent,
1076 3942 1153 3992 nam
1170 3941 1250 4003 aer,
1275 3941 1376 4009 vapor
1390 3919 1583 4008 liquorum,
1617 3915 1776 3988 anhelitus
1794 3919 1914 4004 odori,
1957 3920 2070 4001 &alia
2095 3955 2144 4010 te,

610 4026 687 4094 nuia
700 4024 734 4093 in
752 4025 839 4091 Aere
859 4021 1058 4102 volitantia,
1091 4013 1126 4086 &
1153 4037 1303 4085 mucores
1325 4037 1481 4085 eorumve
1508 4012 1627 4083 semina
1647 4033 1750 4103 poros
1770 4016 1954 4090 transeunt:
1987 4028 2032 4094 uti
2051 4050 2143 4120 patet

611 4139 688 4190 eum
709 4117 850 4190 lamella
871 4135 913 4187 ert
935 4116 1121 4187 Cucumere
1136 4111 1170 4184 bt
1188 4111 1322 4201 Pepone
1337 4109 1501 4194 exscissae,
1527 4130 1597 4182 tum
1608 4109 1660 4202 jus
1682 4114 1812 4197 camis,
1839 4109 2039 4208 &plurima
2062 4129 2138 4202 aliae

613 4211 855 4310 vegetabilium
866 4208 1231 4301 &Animaliumpartes
1244 4206 1340 4294 solae,
1353 4211 1404 4281 vel
1421 4212 1453 4280 in
1466 4231 1551 4302 aqua
1562 4208 1706 4302 jacentes
1717 4255 1728 4294 ,
1739 4208 1828 4284 snum
1838 4211 1900 4286 five
1915 4237 2046 4292 mucum
2059 4213 2141 4298 ¹con-

613 4312 758 4397 trabunt,
782 4311 890 4402 qualis
908 4313 941 4382 in
964 4312 1030 4384 vini
1056 4306 1209 4396 Rhenani
1232 4306 1398 4400 superficie
1419 4307 1498 4380 vasts
1520 4307 1652 4398 quernis
1677 4306 1788 4378 seruati
1808 4311 1955 4402 quotidie
1971 4322 2062 4387 cerni
2076 4343 2141 4412 po.

611 4405 692 4492 test,
719 4407 773 4478 sed
794 4405 828 4478 (lt
846 4411 879 4480 in
898 4407 1011 4498 phialis
1028 4405 1161 4490 subere,
1185 4405 1296 4500 ligno,
1319 4406 1423 4478 vefica
1444 4403 1558 4476 clausu
1573 4399 1795 4475 &memorata
1810 4410 2051 4484 continentibus
2069 4439 2139 4493 cre-

610 4503 699 4575 scit:
724 4503 849 4575 nullum
873 4525 978 4576 tamen
1001 4503 1093 4574 situm
1115 4503 1279 4574 observavi
1302 4507 1334 4574 in
1358 4502 1582 4594 corporibus,
1608 4523 1686 4593 quae
1711 4506 1849 4594 primum
1870 4505 2001 4580 vasculis
2031 4516 2138 4591 vitreis

609 4601 883 4694 immittebantur,
907 4601 1061 4676 stanubus
1075 4604 1110 4675 in
1124 4623 1208 4696 aqua
1223 4601 1367 4682 fervente
1379 4623 1482 4696 usque
1498 4603 1540 4676 ad
1555 4603 1665 4700 gruem
1682 4647 1695 4694 ,
1719 4599 1759 4690 ἃ,
1768 4605 1887 4694 eadem
1901 4607 1943 4683 ad
1963 4607 2139 4784 mimas
