<?xml version="1.0" encoding="UTF-8"?>
<!DOCTYPE html PUBLIC "-//W3C//DTD XHTML 1.0 Transitional//EN"
    "http://www.w3.org/TR/xhtml1/DTD/xhtml1-transitional.dtd">
<html xmlns="http://www.w3.org/1999/xhtml" xml:lang="en" lang="en">
 <head>
  <title>
</title>
<meta http-equiv="Content-Type" content="text/html;charset=utf-8" />
  <meta name='ocr-system' content='tesseract 3.04.00' />
  <meta name='ocr-capabilities' content='ocr_page ocr_carea ocr_par ocr_line ocrx_word'/>
</head>
<body>
  <div class='ocr_page' id='page_1' title='image "./introductioadph01lulogoog_0066.png"; bbox 0 0 4282 5962; ppageno 0'>
   <div class='ocr_carea' id='block_1_1' title="bbox 528 192 1830 328">
    <p class='ocr_par' dir='ltr' id='par_1_1' title="bbox 528 192 1830 328">
     <span class='ocr_line' id='line_1_1' title="bbox 528 192 1830 328; baseline 0.005 -32"><span class='ocrx_word' id='word_1_1' title='bbox 528 192 1601 320; x_wconf 77' lang='lat' dir='ltr'>EJusQuuur&#39;raruurrs.</span> <span class='ocrx_word' id='word_1_2' title='bbox 1782 244 1830 328; x_wconf 75' lang='lat'>33</span> 
     </span>
    </p>
   </div>
   <div class='ocr_carea' id='block_1_2' title="bbox 292 404 1831 1568">
    <p class='ocr_par' dir='ltr' id='par_1_2' title="bbox 292 404 1831 1568">
     <span class='ocr_line' id='line_1_2' title="bbox 300 404 1831 496; baseline 0.001 -15"><span class='ocrx_word' id='word_1_3' title='bbox 300 410 360 481; x_wconf 86' lang='lat' dir='ltr'>alla</span> <span class='ocrx_word' id='word_1_4' title='bbox 379 408 566 480; x_wconf 76' lang='lat' dir='ltr'>extensione</span> <span class='ocrx_word' id='word_1_5' title='bbox 585 405 677 496; x_wconf 90' lang='lat' dir='ltr'>pedis</span> <span class='ocrx_word' id='word_1_6' title='bbox 699 407 805 477; x_wconf 89' lang='lat' dir='ltr'>cubici</span> <span class='ocrx_word' id='word_1_7' title='bbox 828 423 1033 492; x_wconf 81' lang='lat' dir='ltr'>occupetur,</span> <span class='ocrx_word' id='word_1_8' title='bbox 1068 404 1125 473; x_wconf 89' lang='lat' dir='ltr'>nisr</span> <span class='ocrx_word' id='word_1_9' title='bbox 1148 405 1248 496; x_wconf 80' lang='lat' dir='ltr'>priori</span> <span class='ocrx_word' id='word_1_10' title='bbox 1271 408 1456 479; x_wconf 77' lang='lat' dir='ltr'>extensione</span> <span class='ocrx_word' id='word_1_11' title='bbox 1481 408 1664 496; x_wconf 57' lang='lat' dir='ltr'>destruam</span> <span class='ocrx_word' id='word_1_12' title='bbox 1696 414 1779 482; x_wconf 85' lang='lat' dir='ltr'>adeo</span> <span class='ocrx_word' id='word_1_13' title='bbox 1796 434 1831 483; x_wconf 90' lang='lat' dir='ltr'>ut</span> 
     </span>
     <span class='ocr_line' id='line_1_3' title="bbox 298 500 1828 585; baseline 0 -8"><span class='ocrx_word' id='word_1_14' title='bbox 298 508 446 577; x_wconf 81' lang='lat' dir='ltr'>extensio</span> <span class='ocrx_word' id='word_1_15' title='bbox 470 505 645 577; x_wconf 83' lang='lat' dir='ltr'>extenfioni</span> <span class='ocrx_word' id='word_1_16' title='bbox 666 506 697 573; x_wconf 87' lang='lat' dir='ltr'>vi</span> <span class='ocrx_word' id='word_1_17' title='bbox 711 502 838 574; x_wconf 85' lang='lat' dir='ltr'>inlinitd</span> <span class='ocrx_word' id='word_1_18' title='bbox 862 501 1042 585; x_wconf 87' lang='lat' dir='ltr'>refisteret,</span> <span class='ocrx_word' id='word_1_19' title='bbox 1067 500 1133 571; x_wconf 90' lang='lat' dir='ltr'>hoc</span> <span class='ocrx_word' id='word_1_20' title='bbox 1159 501 1205 571; x_wconf 83' lang='lat' dir='ltr'>eli</span> <span class='ocrx_word' id='word_1_21' title='bbox 1230 500 1315 574; x_wconf 89' lang='lat' dir='ltr'>foret</span> <span class='ocrx_word' id='word_1_22' title='bbox 1335 504 1483 576; x_wconf 91' lang='lat' dir='ltr'>absolute</span> <span class='ocrx_word' id='word_1_23' title='bbox 1505 504 1616 575; x_wconf 88' lang='lat' dir='ltr'>solida.</span> <span class='ocrx_word' id='word_1_24' title='bbox 1668 504 1746 577; x_wconf 84' lang='lat' dir='ltr'>lloc</span> <span class='ocrx_word' id='word_1_25' title='bbox 1773 531 1828 577; x_wconf 92' lang='lat' dir='ltr'>au-</span> 
     </span>
     <span class='ocr_line' id='line_1_4' title="bbox 299 595 1829 690; baseline -0.001 -16"><span class='ocrx_word' id='word_1_26' title='bbox 299 624 367 675; x_wconf 85' lang='lat' dir='ltr'>tern</span> <span class='ocrx_word' id='word_1_27' title='bbox 390 601 493 674; x_wconf 90' lang='lat' dir='ltr'>modo</span> <span class='ocrx_word' id='word_1_28' title='bbox 512 603 743 672; x_wconf 90' lang='lat' dir='ltr'>ratiocinantur</span> <span class='ocrx_word' id='word_1_29' title='bbox 765 595 954 687; x_wconf 89' lang='lat' dir='ltr'><strong>Philosophi</strong></span> <span class='ocrx_word' id='word_1_30' title='bbox 972 596 1023 669; x_wconf 93' lang='lat' dir='ltr'>vel</span> <span class='ocrx_word' id='word_1_31' title='bbox 1043 618 1084 668; x_wconf 84' lang='lat' dir='ltr'>ex</span> <span class='ocrx_word' id='word_1_32' title='bbox 1111 597 1215 679; x_wconf 89' lang='lat' dir='ltr'>ldea,</span> <span class='ocrx_word' id='word_1_33' title='bbox 1240 621 1337 690; x_wconf 89' lang='lat' dir='ltr'>quam</span> <span class='ocrx_word' id='word_1_34' title='bbox 1356 602 1397 672; x_wconf 90' lang='lat' dir='ltr'>de</span> <span class='ocrx_word' id='word_1_35' title='bbox 1414 599 1612 672; x_wconf 81' lang='lat' dir='ltr'>Extensione</span> <span class='ocrx_word' id='word_1_36' title='bbox 1628 599 1829 689; x_wconf 85' lang='lat' dir='ltr'>formarunt,</span> 
     </span>
     <span class='ocr_line' id='line_1_5' title="bbox 297 693 1829 791; baseline -0.001 -20"><span class='ocrx_word' id='word_1_37' title='bbox 297 701 406 773; x_wconf 83' lang='lat' dir='ltr'>velex</span> <span class='ocrx_word' id='word_1_38' title='bbox 422 699 638 791; x_wconf 80' lang='lat' dir='ltr'>Experientia.</span> <span class='ocrx_word' id='word_1_39' title='bbox 675 698 710 767; x_wconf 88' lang='lat' dir='ltr'>Si</span> <span class='ocrx_word' id='word_1_40' title='bbox 729 719 770 767; x_wconf 86' lang='lat' dir='ltr'>ex</span> <span class='ocrx_word' id='word_1_41' title='bbox 791 695 898 767; x_wconf 78' lang='lat' dir='ltr'>ldeai</span> <span class='ocrx_word' id='word_1_42' title='bbox 924 715 992 767; x_wconf 90' lang='lat' dir='ltr'>tum</span> <span class='ocrx_word' id='word_1_43' title='bbox 1011 714 1182 786; x_wconf 90' lang='lat' dir='ltr'>opponere</span> <span class='ocrx_word' id='word_1_44' title='bbox 1207 693 1312 782; x_wconf 87' lang='lat' dir='ltr'>licet,</span> <span class='ocrx_word' id='word_1_45' title='bbox 1343 698 1597 770; x_wconf 80' lang='lat' dir='ltr'>Mathematicus</span> <span class='ocrx_word' id='word_1_46' title='bbox 1621 700 1732 769; x_wconf 88' lang='lat' dir='ltr'>animo</span> <span class='ocrx_word' id='word_1_47' title='bbox 1749 698 1829 769; x_wconf 86' lang='lat' dir='ltr'>sem·</span> 
     </span>
     <span class='ocr_line' id='line_1_6' title="bbox 298 791 1827 889; baseline -0.003 -20"><span class='ocrx_word' id='word_1_48' title='bbox 298 819 360 889; x_wconf 87' lang='lat' dir='ltr'>per</span> <span class='ocrx_word' id='word_1_49' title='bbox 371 795 545 887; x_wconf 85' lang='lat' dir='ltr'>concipere</span> <span class='ocrx_word' id='word_1_50' title='bbox 561 795 783 866; x_wconf 79' lang='lat' dir='ltr'>extensionem</span> <span class='ocrx_word' id='word_1_51' title='bbox 802 793 844 864; x_wconf 82' lang='lat' dir='ltr'>ab</span> <span class='ocrx_word' id='word_1_52' title='bbox 860 791 921 862; x_wconf 84' lang='lat' dir='ltr'>alia</span> <span class='ocrx_word' id='word_1_53' title='bbox 936 791 1190 883; x_wconf 82' lang='lat' dir='ltr'>penetrabilem,</span> <span class='ocrx_word' id='word_1_54' title='bbox 1206 814 1281 864; x_wconf 91' lang='lat' dir='ltr'>cum</span> <span class='ocrx_word' id='word_1_55' title='bbox 1296 794 1438 867; x_wconf 87' lang='lat' dir='ltr'>inCubo</span> <span class='ocrx_word' id='word_1_56' title='bbox 1455 796 1646 888; x_wconf 84' lang='lat' dir='ltr'>Sphaeranr,</span> <span class='ocrx_word' id='word_1_57' title='bbox 1664 798 1696 866; x_wconf 92' lang='lat' dir='ltr'>in</span> <span class='ocrx_word' id='word_1_58' title='bbox 1708 793 1827 885; x_wconf 85' lang='lat' dir='ltr'>Sphae·</span> 
     </span>
     <span class='ocr_line' id='line_1_7' title="bbox 295 886 1828 985; baseline -0.001 -19"><span class='ocrx_word' id='word_1_59' title='bbox 295 916 331 965; x_wconf 84' lang='lat' dir='ltr'>rr</span> <span class='ocrx_word' id='word_1_60' title='bbox 355 894 510 975; x_wconf 88' lang='lat' dir='ltr'>Couum,</span> <span class='ocrx_word' id='word_1_61' title='bbox 544 891 709 979; x_wconf 89' lang='lat' dir='ltr'>Cubum,</span> <span class='ocrx_word' id='word_1_62' title='bbox 738 891 908 962; x_wconf 68' lang='lat' dir='ltr'>alteriusve</span> <span class='ocrx_word' id='word_1_63' title='bbox 931 889 1045 984; x_wconf 81' lang='lat' dir='ltr'>figurae</span> <span class='ocrx_word' id='word_1_64' title='bbox 1077 886 1214 961; x_wconf 90' lang='lat' dir='ltr'>solidum</span> <span class='ocrx_word' id='word_1_65' title='bbox 1245 895 1460 984; x_wconf 89' lang='lat' dir='ltr'>concipiunt:</span> <span class='ocrx_word' id='word_1_66' title='bbox 1497 916 1558 965; x_wconf 90' lang='lat' dir='ltr'>nec</span> <span class='ocrx_word' id='word_1_67' title='bbox 1581 895 1703 985; x_wconf 89' lang='lat' dir='ltr'>aliquid</span> <span class='ocrx_word' id='word_1_68' title='bbox 1728 892 1828 964; x_wconf 89' lang='lat' dir='ltr'>estin</span> 
     </span>
     <span class='ocr_line' id='line_1_8' title="bbox 296 986 1829 1083; baseline -0.001 -21"><span class='ocrx_word' id='word_1_69' title='bbox 296 1011 460 1082; x_wconf 89' lang='lat' dir='ltr'>conceptu</span> <span class='ocrx_word' id='word_1_70' title='bbox 480 989 709 1072; x_wconf 84' lang='lat' dir='ltr'>Extensronis,</span> <span class='ocrx_word' id='word_1_71' title='bbox 736 986 828 1079; x_wconf 93' lang='lat' dir='ltr'>quod</span> <span class='ocrx_word' id='word_1_72' title='bbox 843 1005 1020 1081; x_wconf 80' lang='lat' dir='ltr'>repugnat,</span> <span class='ocrx_word' id='word_1_73' title='bbox 1046 988 1125 1075; x_wconf 85' lang='lat' dir='ltr'>quin</span> <span class='ocrx_word' id='word_1_74' title='bbox 1146 987 1188 1057; x_wconf 90' lang='lat' dir='ltr'>ab</span> <span class='ocrx_word' id='word_1_75' title='bbox 1208 986 1307 1060; x_wconf 89' lang='lat' dir='ltr'>altera</span> <span class='ocrx_word' id='word_1_76' title='bbox 1325 987 1525 1062; x_wconf 86' lang='lat' dir='ltr'>Extensionc</span> <span class='ocrx_word' id='word_1_77' title='bbox 1544 1010 1753 1083; x_wconf 90' lang='lat' dir='ltr'>penetretur,</span> <span class='ocrx_word' id='word_1_78' title='bbox 1771 1011 1829 1060; x_wconf 90' lang='lat' dir='ltr'>ne·</span> 
     </span>
     <span class='ocr_line' id='line_1_9' title="bbox 295 1080 1828 1179; baseline -0.001 -19"><span class='ocrx_word' id='word_1_79' title='bbox 295 1110 456 1179; x_wconf 87' lang='lat' dir='ltr'>quaquam</span> <span class='ocrx_word' id='word_1_80' title='bbox 480 1085 573 1158; x_wconf 80' lang='lat' dir='ltr'>lded·</span> <span class='ocrx_word' id='word_1_81' title='bbox 588 1085 769 1156; x_wconf 78' lang='lat' dir='ltr'>alterutrius</span> <span class='ocrx_word' id='word_1_82' title='bbox 793 1081 999 1154; x_wconf 85' lang='lat' dir='ltr'>Extenlionis</span> <span class='ocrx_word' id='word_1_83' title='bbox 1026 1080 1213 1168; x_wconf 72' lang='lat' dir='ltr'>destrucii,</span> <span class='ocrx_word' id='word_1_84' title='bbox 1244 1080 1374 1157; x_wconf 86' lang='lat' dir='ltr'>&amp;ideo</span> <span class='ocrx_word' id='word_1_85' title='bbox 1395 1108 1437 1156; x_wconf 86' lang='lat' dir='ltr'>err</span> <span class='ocrx_word' id='word_1_86' title='bbox 1458 1087 1531 1159; x_wconf 89' lang='lat' dir='ltr'>idea</span> <span class='ocrx_word' id='word_1_87' title='bbox 1548 1087 1741 1159; x_wconf 83' lang='lat' dir='ltr'>extensionis</span> <span class='ocrx_word' id='word_1_88' title='bbox 1760 1109 1828 1158; x_wconf 91' lang='lat' dir='ltr'>nou</span> 
     </span>
     <span class='ocr_line' id='line_1_10' title="bbox 294 1177 1825 1276; baseline 0.001 -22"><span class='ocrx_word' id='word_1_89' title='bbox 294 1184 366 1255; x_wconf 91' lang='lat' dir='ltr'>fluit</span> <span class='ocrx_word' id='word_1_90' title='bbox 384 1185 456 1255; x_wconf 91' lang='lat' dir='ltr'>idea</span> <span class='ocrx_word' id='word_1_91' title='bbox 472 1182 792 1276; x_wconf 87' lang='lat' dir='ltr'>impenetrabilitatis.</span> <span class='ocrx_word' id='word_1_92' title='bbox 842 1177 925 1251; x_wconf 89' lang='lat' dir='ltr'>Non</span> <span class='ocrx_word' id='word_1_93' title='bbox 945 1201 1025 1252; x_wconf 88' lang='lat' dir='ltr'>vero</span> <span class='ocrx_word' id='word_1_94' title='bbox 1039 1181 1239 1270; x_wconf 84' lang='lat' dir='ltr'>experientia</span> <span class='ocrx_word' id='word_1_95' title='bbox 1258 1184 1401 1255; x_wconf 87' lang='lat' dir='ltr'>invocari</span> <span class='ocrx_word' id='word_1_96' title='bbox 1418 1184 1549 1274; x_wconf 91' lang='lat' dir='ltr'>potest,</span> <span class='ocrx_word' id='word_1_97' title='bbox 1574 1187 1698 1275; x_wconf 89' lang='lat' dir='ltr'>quippe</span> <span class='ocrx_word' id='word_1_98' title='bbox 1712 1205 1825 1255; x_wconf 84' lang='lat' dir='ltr'>exten-</span> 
     </span>
     <span class='ocr_line' id='line_1_11' title="bbox 294 1277 1828 1375; baseline -0.001 -24"><span class='ocrx_word' id='word_1_99' title='bbox 294 1281 339 1352; x_wconf 82' lang='lat' dir='ltr'>sae</span> <span class='ocrx_word' id='word_1_100' title='bbox 361 1304 541 1373; x_wconf 90' lang='lat' dir='ltr'>corporum</span> <span class='ocrx_word' id='word_1_101' title='bbox 558 1280 739 1375; x_wconf 89' lang='lat' dir='ltr'>imagines,</span> <span class='ocrx_word' id='word_1_102' title='bbox 764 1300 843 1370; x_wconf 90' lang='lat' dir='ltr'>quas</span> <span class='ocrx_word' id='word_1_103' title='bbox 863 1298 978 1348; x_wconf 80' lang='lat' dir='ltr'>cavum</span> <span class='ocrx_word' id='word_1_104' title='bbox 995 1277 1160 1369; x_wconf 85' lang='lat' dir='ltr'>speculum</span> <span class='ocrx_word' id='word_1_105' title='bbox 1183 1279 1307 1369; x_wconf 89' lang='lat' dir='ltr'>reddit,</span> <span class='ocrx_word' id='word_1_106' title='bbox 1333 1303 1352 1349; x_wconf 92' lang='lat' dir='ltr'>a</span> <span class='ocrx_word' id='word_1_107' title='bbox 1370 1301 1511 1372; x_wconf 93' lang='lat' dir='ltr'>corpore</span> <span class='ocrx_word' id='word_1_108' title='bbox 1530 1281 1745 1375; x_wconf 84' lang='lat' dir='ltr'>penetrabiles</span> <span class='ocrx_word' id='word_1_109' title='bbox 1759 1278 1828 1351; x_wconf 92' lang='lat' dir='ltr'>sunt</span> 
     </span>
     <span class='ocr_line' id='line_1_12' title="bbox 292 1371 1829 1470; baseline -0.001 -20"><span class='ocrx_word' id='word_1_110' title='bbox 292 1380 415 1470; x_wconf 85' lang='lat' dir='ltr'>absque</span> <span class='ocrx_word' id='word_1_111' title='bbox 435 1377 622 1449; x_wconf 73' lang='lat' dir='ltr'>resistentis:</span> <span class='ocrx_word' id='word_1_112' title='bbox 648 1371 683 1447; x_wconf 77' lang='lat' dir='ltr'>dt</span> <span class='ocrx_word' id='word_1_113' title='bbox 705 1376 843 1468; x_wconf 84' lang='lat' dir='ltr'>enquid</span> <span class='ocrx_word' id='word_1_114' title='bbox 865 1371 938 1459; x_wconf 88' lang='lat' dir='ltr'>est,</span> <span class='ocrx_word' id='word_1_115' title='bbox 962 1375 1056 1464; x_wconf 87' lang='lat' dir='ltr'>quod</span> <span class='ocrx_word' id='word_1_116' title='bbox 1077 1378 1112 1446; x_wconf 92' lang='lat' dir='ltr'>in</span> <span class='ocrx_word' id='word_1_117' title='bbox 1145 1374 1274 1466; x_wconf 84' lang='lat' dir='ltr'>capsula</span> <span class='ocrx_word' id='word_1_118' title='bbox 1296 1397 1374 1448; x_wconf 87' lang='lat' dir='ltr'>cava</span> <span class='ocrx_word' id='word_1_119' title='bbox 1396 1377 1526 1448; x_wconf 85' lang='lat' dir='ltr'>extensa</span> <span class='ocrx_word' id='word_1_120' title='bbox 1547 1378 1713 1470; x_wconf 88' lang='lat' dir='ltr'>impedit,</span> <span class='ocrx_word' id='word_1_121' title='bbox 1746 1399 1829 1470; x_wconf 88' lang='lat' dir='ltr'>quo-</span> 
     </span>
     <span class='ocr_line' id='line_1_13' title="bbox 294 1472 1828 1568; baseline -0.002 -22"><span class='ocrx_word' id='word_1_122' title='bbox 294 1479 402 1547; x_wconf 86' lang='lat' dir='ltr'>minus</span> <span class='ocrx_word' id='word_1_123' title='bbox 415 1498 535 1567; x_wconf 86' lang='lat' dir='ltr'>corpus</span> <span class='ocrx_word' id='word_1_124' title='bbox 555 1476 639 1568; x_wconf 90' lang='lat' dir='ltr'>paris</span> <span class='ocrx_word' id='word_1_125' title='bbox 657 1473 854 1546; x_wconf 83' lang='lat' dir='ltr'>extenfionis</span> <span class='ocrx_word' id='word_1_126' title='bbox 869 1472 911 1543; x_wconf 91' lang='lat' dir='ltr'>ab</span> <span class='ocrx_word' id='word_1_127' title='bbox 929 1493 967 1542; x_wconf 88' lang='lat' dir='ltr'>ea</span> <span class='ocrx_word' id='word_1_128' title='bbox 983 1474 1175 1564; x_wconf 89' lang='lat' dir='ltr'>recipiatur,</span> <span class='ocrx_word' id='word_1_129' title='bbox 1200 1474 1387 1546; x_wconf 83' lang='lat' dir='ltr'>extensione</span> <span class='ocrx_word' id='word_1_130' title='bbox 1405 1474 1548 1566; x_wconf 83' lang='lat' dir='ltr'>capsulae</span> <span class='ocrx_word' id='word_1_131' title='bbox 1564 1499 1632 1547; x_wconf 93' lang='lat' dir='ltr'>non</span> <span class='ocrx_word' id='word_1_132' title='bbox 1646 1473 1828 1545; x_wconf 74' lang='lat' dir='ltr'>destrusia?</span> 
     </span>
    </p>
   </div>
   <div class='ocr_carea' id='block_1_3' title="bbox 258 1583 1893 2723">
    <p class='ocr_par' dir='ltr' id='par_1_3' title="bbox 258 1583 1893 2723">
     <span class='ocr_line' id='line_1_14' title="bbox 343 1583 1829 1679; baseline -0.003 -19"><span class='ocrx_word' id='word_1_133' title='bbox 343 1589 375 1679; x_wconf 87' lang='lat'>§.</span> <span class='ocrx_word' id='word_1_134' title='bbox 401 1587 547 1663; x_wconf 82' lang='lat' dir='ltr'><strong>LXXX.</strong></span> <span class='ocrx_word' id='word_1_135' title='bbox 577 1589 730 1662; x_wconf 85' lang='lat' dir='ltr'>Soliditas</span> <span class='ocrx_word' id='word_1_136' title='bbox 765 1588 919 1660; x_wconf 91' lang='lat' dir='ltr'>omnibus</span> <span class='ocrx_word' id='word_1_137' title='bbox 947 1607 990 1657; x_wconf 93' lang='lat' dir='ltr'>co</span> <span class='ocrx_word' id='word_1_138' title='bbox 1053 1585 1141 1657; x_wconf 90' lang='lat' dir='ltr'>ribus</span> <span class='ocrx_word' id='word_1_139' title='bbox 1165 1585 1256 1659; x_wconf 87' lang='lat' dir='ltr'>inest.</span> <span class='ocrx_word' id='word_1_140' title='bbox 1315 1583 1372 1657; x_wconf 91' lang='lat' dir='ltr'>De</span> <span class='ocrx_word' id='word_1_141' title='bbox 1395 1585 1514 1660; x_wconf 82' lang='lat' dir='ltr'>Firmis</span> <span class='ocrx_word' id='word_1_142' title='bbox 1535 1586 1670 1660; x_wconf 86' lang='lat' dir='ltr'>dublum</span> <span class='ocrx_word' id='word_1_143' title='bbox 1688 1585 1733 1657; x_wconf 87' lang='lat' dir='ltr'>est</span> <span class='ocrx_word' id='word_1_144' title='bbox 1754 1585 1829 1656; x_wconf 93' lang='lat' dir='ltr'>nul·</span> 
     </span>
     <span class='ocr_line' id='line_1_15' title="bbox 293 1682 1829 1774; baseline -0.003 -16"><span class='ocrx_word' id='word_1_145' title='bbox 293 1687 373 1758; x_wconf 88' lang='lat' dir='ltr'>lum.</span> <span class='ocrx_word' id='word_1_146' title='bbox 403 1684 521 1758; x_wconf 87' lang='lat' dir='ltr'>Fluida</span> <span class='ocrx_word' id='word_1_147' title='bbox 539 1704 620 1760; x_wconf 89' lang='lat' dir='ltr'>veto</span> <span class='ocrx_word' id='word_1_148' title='bbox 635 1689 668 1759; x_wconf 89' lang='lat' dir='ltr'>in</span> <span class='ocrx_word' id='word_1_149' title='bbox 680 1685 814 1758; x_wconf 90' lang='lat' dir='ltr'>vasculis</span> <span class='ocrx_word' id='word_1_150' title='bbox 832 1684 985 1757; x_wconf 87' lang='lat' dir='ltr'>conclusa</span> <span class='ocrx_word' id='word_1_151' title='bbox 1047 1682 1149 1774; x_wconf 89' lang='lat' dir='ltr'>pressa</span> <span class='ocrx_word' id='word_1_152' title='bbox 1171 1683 1309 1757; x_wconf 85' lang='lat' dir='ltr'>eandem</span> <span class='ocrx_word' id='word_1_153' title='bbox 1326 1683 1532 1756; x_wconf 87' lang='lat' dir='ltr'>resistentiam</span> <span class='ocrx_word' id='word_1_154' title='bbox 1545 1683 1747 1768; x_wconf 88' lang='lat' dir='ltr'>ostendunt,</span> <span class='ocrx_word' id='word_1_155' title='bbox 1772 1703 1829 1753; x_wconf 88' lang='lat' dir='ltr'>ne·</span> 
     </span>
     <span class='ocr_line' id='line_1_16' title="bbox 292 1780 1829 1876; baseline -0.003 -21"><span class='ocrx_word' id='word_1_156' title='bbox 292 1783 423 1876; x_wconf 89' lang='lat' dir='ltr'>quidem</span> <span class='ocrx_word' id='word_1_157' title='bbox 440 1784 550 1869; x_wconf 76' lang='lat' dir='ltr'>Aire,</span> <span class='ocrx_word' id='word_1_158' title='bbox 565 1782 751 1855; x_wconf 80' lang='lat' dir='ltr'>mollissimo</span> <span class='ocrx_word' id='word_1_159' title='bbox 766 1784 990 1874; x_wconf 82' lang='lat' dir='ltr'>caeteroquin,</span> <span class='ocrx_word' id='word_1_160' title='bbox 1015 1800 1167 1872; x_wconf 85' lang='lat' dir='ltr'>excepto.</span> <span class='ocrx_word' id='word_1_161' title='bbox 1193 1781 1313 1873; x_wconf 86' lang='lat' dir='ltr'>Aqua,</span> <span class='ocrx_word' id='word_1_162' title='bbox 1338 1780 1484 1868; x_wconf 89' lang='lat' dir='ltr'>Vinum,</span> <span class='ocrx_word' id='word_1_163' title='bbox 1504 1781 1664 1867; x_wconf 82' lang='lat' dir='ltr'>Acetum,</span> <span class='ocrx_word' id='word_1_164' title='bbox 1691 1781 1829 1873; x_wconf 89' lang='lat' dir='ltr'>Spiritus</span> 
     </span>
     <span class='ocr_line' id='line_1_17' title="bbox 258 1877 1893 1973; baseline -0.001 -24"><span class='ocrx_word' id='word_1_165' title='bbox 258 1926 264 1949; x_wconf 65' lang='lat' dir='ltr'>r</span> <span class='ocrx_word' id='word_1_166' title='bbox 290 1878 428 1969; x_wconf 86' lang='lat' dir='ltr'>Vinosr,</span> <span class='ocrx_word' id='word_1_167' title='bbox 462 1880 547 1952; x_wconf 89' lang='lat' dir='ltr'>Olea</span> <span class='ocrx_word' id='word_1_168' title='bbox 566 1902 778 1973; x_wconf 89' lang='lat' dir='ltr'>quaecunque</span> <span class='ocrx_word' id='word_1_169' title='bbox 803 1878 959 1970; x_wconf 84' lang='lat' dir='ltr'>impleant</span> <span class='ocrx_word' id='word_1_170' title='bbox 987 1877 1149 1963; x_wconf 88' lang='lat' dir='ltr'>antliam,</span> <span class='ocrx_word' id='word_1_171' title='bbox 1180 1878 1272 1970; x_wconf 85' lang='lat' dir='ltr'>cujus</span> <span class='ocrx_word' id='word_1_172' title='bbox 1294 1877 1431 1952; x_wconf 85' lang='lat' dir='ltr'>rostrum</span> <span class='ocrx_word' id='word_1_173' title='bbox 1454 1878 1647 1965; x_wconf 84' lang='lat' dir='ltr'>claudatur,</span> <span class='ocrx_word' id='word_1_174' title='bbox 1684 1877 1829 1949; x_wconf 79' lang='lat' dir='ltr'>resistunt</span> <span class='ocrx_word' id='word_1_175' title='bbox 1890 1899 1893 1904; x_wconf 90' lang='lat'>·</span> 
     </span>
     <span class='ocr_line' id='line_1_18' title="bbox 291 1973 1829 2072; baseline -0.001 -23"><span class='ocrx_word' id='word_1_176' title='bbox 291 1978 449 2064; x_wconf 89' lang='lat' dir='ltr'>embolo,</span> <span class='ocrx_word' id='word_1_177' title='bbox 476 2000 575 2070; x_wconf 90' lang='lat' dir='ltr'>quem</span> <span class='ocrx_word' id='word_1_178' title='bbox 602 1981 635 2051; x_wconf 87' lang='lat' dir='ltr'>vi</span> <span class='ocrx_word' id='word_1_179' title='bbox 654 1999 850 2071; x_wconf 91' lang='lat' dir='ltr'>quacunque</span> <span class='ocrx_word' id='word_1_180' title='bbox 864 1980 898 2048; x_wconf 91' lang='lat' dir='ltr'>in</span> <span class='ocrx_word' id='word_1_181' title='bbox 914 1973 1046 2047; x_wconf 81' lang='lat' dir='ltr'>antliam</span> <span class='ocrx_word' id='word_1_182' title='bbox 1061 1976 1192 2072; x_wconf 85' lang='lat' dir='ltr'>adigere</span> <span class='ocrx_word' id='word_1_183' title='bbox 1214 1974 1383 2057; x_wconf 78' lang='lat' dir='ltr'>molimura</span> <span class='ocrx_word' id='word_1_184' title='bbox 1408 1977 1478 2049; x_wconf 78' lang='grc' dir='ltr'>Αὲτ</span> <span class='ocrx_word' id='word_1_185' title='bbox 1490 1980 1525 2050; x_wconf 88' lang='lat' dir='ltr'>in</span> <span class='ocrx_word' id='word_1_186' title='bbox 1545 1976 1660 2048; x_wconf 89' lang='lat' dir='ltr'>eadem</span> <span class='ocrx_word' id='word_1_187' title='bbox 1681 1976 1779 2046; x_wconf 87' lang='lat' dir='ltr'>antlia</span> <span class='ocrx_word' id='word_1_188' title='bbox 1793 1977 1829 2047; x_wconf 88' lang='lat' dir='ltr'>iu</span> 
     </span>
     <span class='ocr_line' id='line_1_19' title="bbox 286 2072 1830 2168; baseline -0.003 -21"><span class='ocrx_word' id='word_1_189' title='bbox 286 2077 450 2167; x_wconf 88' lang='lat' dir='ltr'>principio</span> <span class='ocrx_word' id='word_1_190' title='bbox 474 2076 675 2168; x_wconf 87' lang='lat' dir='ltr'>aliquantum</span> <span class='ocrx_word' id='word_1_191' title='bbox 696 2074 786 2146; x_wconf 88' lang='lat' dir='ltr'>cedit</span> <span class='ocrx_word' id='word_1_192' title='bbox 808 2072 972 2156; x_wconf 91' lang='lat' dir='ltr'>embolo,</span> <span class='ocrx_word' id='word_1_193' title='bbox 1003 2094 1117 2145; x_wconf 92' lang='lat' dir='ltr'>verum</span> <span class='ocrx_word' id='word_1_194' title='bbox 1143 2076 1173 2145; x_wconf 86' lang='lat' dir='ltr'>ei</span> <span class='ocrx_word' id='word_1_195' title='bbox 1196 2073 1315 2146; x_wconf 90' lang='lat' dir='ltr'>deinde</span> <span class='ocrx_word' id='word_1_196' title='bbox 1332 2097 1401 2146; x_wconf 91' lang='lat' dir='ltr'>non</span> <span class='ocrx_word' id='word_1_197' title='bbox 1424 2078 1531 2146; x_wconf 91' lang='lat' dir='ltr'>minus</span> <span class='ocrx_word' id='word_1_198' title='bbox 1545 2074 1657 2146; x_wconf 82' lang='lat' dir='ltr'>ressstit</span> <span class='ocrx_word' id='word_1_199' title='bbox 1679 2095 1778 2165; x_wconf 90' lang='lat' dir='ltr'>quam</span> <span class='ocrx_word' id='word_1_200' title='bbox 1795 2093 1830 2142; x_wconf 93' lang='lat' dir='ltr'>a·</span> 
     </span>
     <span class='ocr_line' id='line_1_20' title="bbox 288 2168 1829 2266; baseline -0.003 -21"><span class='ocrx_word' id='word_1_201' title='bbox 288 2194 362 2265; x_wconf 89' lang='lat' dir='ltr'>qua.</span> <span class='ocrx_word' id='word_1_202' title='bbox 413 2171 500 2266; x_wconf 82' lang='lat' dir='ltr'>Ignis</span> <span class='ocrx_word' id='word_1_203' title='bbox 515 2169 551 2243; x_wconf 75' lang='lat' dir='ltr'>dc</span> <span class='ocrx_word' id='word_1_204' title='bbox 565 2171 642 2244; x_wconf 85' lang='lat' dir='ltr'>Lux</span> <span class='ocrx_word' id='word_1_205' title='bbox 657 2171 766 2262; x_wconf 87' lang='lat' dir='ltr'>illapsa</span> <span class='ocrx_word' id='word_1_206' title='bbox 780 2175 813 2243; x_wconf 92' lang='lat' dir='ltr'>in</span> <span class='ocrx_word' id='word_1_207' title='bbox 829 2190 970 2258; x_wconf 89' lang='lat' dir='ltr'>corpora</span> <span class='ocrx_word' id='word_1_208' title='bbox 985 2190 1112 2258; x_wconf 86' lang='lat' dir='ltr'>opaea,</span> <span class='ocrx_word' id='word_1_209' title='bbox 1136 2189 1191 2243; x_wconf 86' lang='lat' dir='ltr'>aut</span> <span class='ocrx_word' id='word_1_210' title='bbox 1213 2171 1248 2240; x_wconf 94' lang='lat' dir='ltr'>in</span> <span class='ocrx_word' id='word_1_211' title='bbox 1261 2169 1412 2261; x_wconf 89' lang='lat' dir='ltr'>specula,</span> <span class='ocrx_word' id='word_1_212' title='bbox 1440 2171 1639 2257; x_wconf 88' lang='lat' dir='ltr'>redduntur,</span> <span class='ocrx_word' id='word_1_213' title='bbox 1666 2171 1756 2260; x_wconf 92' lang='lat' dir='ltr'>quod</span> <span class='ocrx_word' id='word_1_214' title='bbox 1771 2168 1829 2241; x_wconf 89' lang='lat' dir='ltr'>nisr</span> 
     </span>
     <span class='ocr_line' id='line_1_21' title="bbox 291 2265 1830 2355; baseline -0.001 -17"><span class='ocrx_word' id='word_1_215' title='bbox 291 2270 393 2338; x_wconf 90' lang='lat' dir='ltr'>solida</span> <span class='ocrx_word' id='word_1_216' title='bbox 405 2267 526 2348; x_wconf 87' lang='lat' dir='ltr'>essent,</span> <span class='ocrx_word' id='word_1_217' title='bbox 551 2269 621 2337; x_wconf 88' lang='lat' dir='ltr'>fieri</span> <span class='ocrx_word' id='word_1_218' title='bbox 634 2289 703 2335; x_wconf 93' lang='lat' dir='ltr'>non</span> <span class='ocrx_word' id='word_1_219' title='bbox 718 2266 834 2352; x_wconf 81' lang='lat' dir='ltr'>posset.</span> <span class='ocrx_word' id='word_1_220' title='bbox 861 2265 1004 2333; x_wconf 81' lang='lat' dir='ltr'>Plurima</span> <span class='ocrx_word' id='word_1_221' title='bbox 1025 2286 1191 2351; x_wconf 88' lang='lat' dir='ltr'>corpora,</span> <span class='ocrx_word' id='word_1_222' title='bbox 1209 2284 1275 2333; x_wconf 90' lang='lat' dir='ltr'>tam</span> <span class='ocrx_word' id='word_1_223' title='bbox 1291 2265 1382 2335; x_wconf 86' lang='lat' dir='ltr'>firma</span> <span class='ocrx_word' id='word_1_224' title='bbox 1402 2288 1500 2355; x_wconf 90' lang='lat' dir='ltr'>quam</span> <span class='ocrx_word' id='word_1_225' title='bbox 1516 2266 1636 2349; x_wconf 88' lang='lat' dir='ltr'>fluida,</span> <span class='ocrx_word' id='word_1_226' title='bbox 1659 2269 1701 2335; x_wconf 93' lang='lat' dir='ltr'>ab</span> <span class='ocrx_word' id='word_1_227' title='bbox 1724 2286 1830 2337; x_wconf 87' lang='lat' dir='ltr'>exter·</span> 
     </span>
     <span class='ocr_line' id='line_1_22' title="bbox 291 2355 1830 2451; baseline -0.002 -18"><span class='ocrx_word' id='word_1_228' title='bbox 291 2384 338 2433; x_wconf 93' lang='lat' dir='ltr'>no</span> <span class='ocrx_word' id='word_1_229' title='bbox 358 2357 464 2451; x_wconf 89' lang='lat' dir='ltr'>pressu</span> <span class='ocrx_word' id='word_1_230' title='bbox 484 2360 686 2448; x_wconf 89' lang='lat' dir='ltr'>aliquantum</span> <span class='ocrx_word' id='word_1_231' title='bbox 708 2360 809 2426; x_wconf 91' lang='lat' dir='ltr'>minui</span> <span class='ocrx_word' id='word_1_232' title='bbox 832 2355 962 2439; x_wconf 91' lang='lat' dir='ltr'>solent,</span> <span class='ocrx_word' id='word_1_233' title='bbox 992 2359 1139 2445; x_wconf 90' lang='lat' dir='ltr'>partibus</span> <span class='ocrx_word' id='word_1_234' title='bbox 1163 2358 1333 2424; x_wconf 90' lang='lat' dir='ltr'>introrsum</span> <span class='ocrx_word' id='word_1_235' title='bbox 1358 2360 1549 2427; x_wconf 87' lang='lat' dir='ltr'>cedentibus</span> <span class='ocrx_word' id='word_1_236' title='bbox 1576 2382 1710 2448; x_wconf 89' lang='lat' dir='ltr'>propter</span> <span class='ocrx_word' id='word_1_237' title='bbox 1727 2383 1830 2447; x_wconf 91' lang='lat' dir='ltr'>poros</span> 
     </span>
     <span class='ocr_line' id='line_1_23' title="bbox 290 2449 1830 2541; baseline -0.004 -10"><span class='ocrx_word' id='word_1_238' title='bbox 290 2454 460 2541; x_wconf 72' lang='lat' dir='ltr'>extensos,</span> <span class='ocrx_word' id='word_1_239' title='bbox 485 2474 555 2526; x_wconf 90' lang='lat' dir='ltr'>uon</span> <span class='ocrx_word' id='word_1_240' title='bbox 577 2472 776 2541; x_wconf 90' lang='lat' dir='ltr'>corporeos,</span> <span class='ocrx_word' id='word_1_241' title='bbox 802 2449 881 2519; x_wconf 90' lang='lat' dir='ltr'>hinc</span> <span class='ocrx_word' id='word_1_242' title='bbox 906 2450 982 2518; x_wconf 89' lang='lat' dir='ltr'>inde</span> <span class='ocrx_word' id='word_1_243' title='bbox 1005 2451 1236 2537; x_wconf 88' lang='lat' dir='ltr'>interceptos,</span> <span class='ocrx_word' id='word_1_244' title='bbox 1270 2471 1353 2536; x_wconf 90' lang='lat' dir='ltr'>quos</span> <span class='ocrx_word' id='word_1_245' title='bbox 1375 2471 1484 2539; x_wconf 86' lang='lat' dir='ltr'>partes</span> <span class='ocrx_word' id='word_1_246' title='bbox 1506 2452 1620 2522; x_wconf 88' lang='lat' dir='ltr'>solidae</span> <span class='ocrx_word' id='word_1_247' title='bbox 1641 2454 1758 2541; x_wconf 86' lang='lat' dir='ltr'>pressae</span> <span class='ocrx_word' id='word_1_248' title='bbox 1781 2458 1830 2525; x_wconf 92' lang='lat' dir='ltr'>in·</span> 
     </span>
     <span class='ocr_line' id='line_1_24' title="bbox 288 2540 1830 2650; baseline -0.007 -27"><span class='ocrx_word' id='word_1_249' title='bbox 288 2554 500 2650; x_wconf 72' lang='lat' dir='ltr'>gredientem</span> <span class='ocrx_word' id='word_1_250' title='bbox 527 2546 581 2618; x_wconf 91' lang='lat' dir='ltr'>sed</span> <span class='ocrx_word' id='word_1_251' title='bbox 601 2547 693 2639; x_wconf 83' lang='lat' dir='ltr'>poris</span> <span class='ocrx_word' id='word_1_252' title='bbox 710 2544 821 2638; x_wconf 89' lang='lat' dir='ltr'>aliquo</span> <span class='ocrx_word' id='word_1_253' title='bbox 839 2544 942 2616; x_wconf 90' lang='lat' dir='ltr'>modo</span> <span class='ocrx_word' id='word_1_254' title='bbox 957 2540 1129 2634; x_wconf 87' lang='lat' dir='ltr'>impletis,</span> <span class='ocrx_word' id='word_1_255' title='bbox 1162 2541 1293 2613; x_wconf 87' lang='lat' dir='ltr'>tandem</span> <span class='ocrx_word' id='word_1_256' title='bbox 1314 2554 1457 2635; x_wconf 80' lang='lat' dir='ltr'>corpora</span> <span class='ocrx_word' id='word_1_257' title='bbox 1478 2548 1621 2616; x_wconf 87' lang='lat' dir='ltr'>maximo</span> <span class='ocrx_word' id='word_1_258' title='bbox 1638 2547 1758 2636; x_wconf 82' lang='lat' dir='ltr'>presui</span> <span class='ocrx_word' id='word_1_259' title='bbox 1778 2570 1830 2620; x_wconf 83' lang='lat' dir='ltr'>re.</span> 
     </span>
     <span class='ocr_line' id='line_1_25' title="bbox 290 2648 411 2723; baseline -0.041 -1"><span class='ocrx_word' id='word_1_260' title='bbox 290 2648 411 2723; x_wconf 81' lang='lat' dir='ltr'>siliunt.</span> 
     </span>
    </p>
   </div>
   <div class='ocr_carea' id='block_1_4' title="bbox 290 2754 1829 3433">
    <p class='ocr_par' dir='ltr' id='par_1_4' title="bbox 290 2754 1829 3433">
     <span class='ocr_line' id='line_1_26' title="bbox 337 2754 1829 2854; baseline 0.005 -27"><span class='ocrx_word' id='word_1_261' title='bbox 337 2755 369 2854; x_wconf 65' lang='lat' dir='ltr'>s.</span> <span class='ocrx_word' id='word_1_262' title='bbox 393 2754 557 2828; x_wconf 84' lang='lat' dir='ltr'><strong>LXXXI.</strong></span> <span class='ocrx_word' id='word_1_263' title='bbox 581 2755 654 2828; x_wconf 92' lang='lat' dir='ltr'>Nisr</span> <span class='ocrx_word' id='word_1_264' title='bbox 684 2777 824 2848; x_wconf 88' lang='lat' dir='ltr'>corpora</span> <span class='ocrx_word' id='word_1_265' title='bbox 845 2754 1103 2847; x_wconf 87' lang='lat' dir='ltr'>impenetrabilia</span> <span class='ocrx_word' id='word_1_266' title='bbox 1124 2754 1259 2840; x_wconf 89' lang='lat' dir='ltr'>soreut,</span> <span class='ocrx_word' id='word_1_267' title='bbox 1285 2777 1304 2827; x_wconf 90' lang='lat' dir='ltr'>a</span> <span class='ocrx_word' id='word_1_268' title='bbox 1324 2758 1467 2829; x_wconf 85' lang='lat' dir='ltr'>minino</span> <span class='ocrx_word' id='word_1_269' title='bbox 1490 2757 1597 2851; x_wconf 85' lang='lat' dir='ltr'>pressu</span> <span class='ocrx_word' id='word_1_270' title='bbox 1614 2759 1829 2835; x_wconf 87' lang='lat' dir='ltr'>annihilaren-</span> 
     </span>
     <span class='ocr_line' id='line_1_27' title="bbox 292 2851 1826 2948; baseline 0.001 -19"><span class='ocrx_word' id='word_1_271' title='bbox 292 2877 370 2929; x_wconf 90' lang='lat' dir='ltr'>tur:</span> <span class='ocrx_word' id='word_1_272' title='bbox 396 2853 431 2927; x_wconf 69' lang='grc' dir='ltr'>εἰ</span> <span class='ocrx_word' id='word_1_273' title='bbox 463 2857 551 2925; x_wconf 90' lang='lat' dir='ltr'>enim</span> <span class='ocrx_word' id='word_1_274' title='bbox 575 2854 699 2925; x_wconf 87' lang='lat' dir='ltr'>cubum</span> <span class='ocrx_word' id='word_1_275' title='bbox 726 2853 877 2923; x_wconf 90' lang='lat' dir='ltr'>deorsum</span> <span class='ocrx_word' id='word_1_276' title='bbox 900 2851 1100 2943; x_wconf 79' lang='lat' dir='ltr'>preffiffem,</span> <span class='ocrx_word' id='word_1_277' title='bbox 1137 2857 1181 2925; x_wconf 90' lang='lat' dir='ltr'>ita</span> <span class='ocrx_word' id='word_1_278' title='bbox 1207 2875 1243 2926; x_wconf 89' lang='lat' dir='ltr'>ut</span> <span class='ocrx_word' id='word_1_279' title='bbox 1268 2854 1411 2947; x_wconf 91' lang='lat' dir='ltr'>superior</span> <span class='ocrx_word' id='word_1_280' title='bbox 1434 2856 1619 2948; x_wconf 83' lang='lat' dir='ltr'>superficies</span> <span class='ocrx_word' id='word_1_281' title='bbox 1639 2859 1826 2931; x_wconf 80' lang='lat' dir='ltr'>inferiorern</span> 
     </span>
     <span class='ocr_line' id='line_1_28' title="bbox 290 2948 1827 3046; baseline 0.002 -21"><span class='ocrx_word' id='word_1_282' title='bbox 290 2971 455 3046; x_wconf 82' lang='lat' dir='ltr'>tangeret,</span> <span class='ocrx_word' id='word_1_283' title='bbox 481 2951 637 3038; x_wconf 85' lang='lat' dir='ltr'>quicquid</span> <span class='ocrx_word' id='word_1_284' title='bbox 658 2948 703 3014; x_wconf 89' lang='lat' dir='ltr'>est</span> <span class='ocrx_word' id='word_1_285' title='bbox 722 2948 973 3041; x_wconf 87' lang='lat' dir='ltr'>intermedium,</span> <span class='ocrx_word' id='word_1_286' title='bbox 999 2950 1195 3022; x_wconf 75' lang='lat' dir='ltr'>destrudum</span> <span class='ocrx_word' id='word_1_287' title='bbox 1209 2951 1320 3024; x_wconf 88' lang='lat' dir='ltr'>soret:</span> <span class='ocrx_word' id='word_1_288' title='bbox 1350 2954 1385 3025; x_wconf 93' lang='lat' dir='ltr'>id</span> <span class='ocrx_word' id='word_1_289' title='bbox 1408 2975 1600 3027; x_wconf 87' lang='lat' dir='ltr'>autemnon</span> <span class='ocrx_word' id='word_1_290' title='bbox 1618 2956 1682 3038; x_wconf 86' lang='lat' dir='ltr'>fit,</span> <span class='ocrx_word' id='word_1_291' title='bbox 1708 2978 1827 3046; x_wconf 91' lang='lat' dir='ltr'>corpo·</span> 
     </span>
     <span class='ocr_line' id='line_1_29' title="bbox 290 3037 1828 3149; baseline 0.002 -27"><span class='ocrx_word' id='word_1_292' title='bbox 290 3051 380 3122; x_wconf 90' lang='lat' dir='ltr'>ribus</span> <span class='ocrx_word' id='word_1_293' title='bbox 405 3044 562 3119; x_wconf 89' lang='lat' dir='ltr'>soliditate</span> <span class='ocrx_word' id='word_1_294' title='bbox 579 3040 812 3114; x_wconf 86' lang='lat' dir='ltr'>resistentibus:</span> <span class='ocrx_word' id='word_1_295' title='bbox 841 3037 876 3112; x_wconf 85' lang='lat' dir='ltr'>dt</span> <span class='ocrx_word' id='word_1_296' title='bbox 899 3046 975 3133; x_wconf 91' lang='lat' dir='ltr'>quia</span> <span class='ocrx_word' id='word_1_297' title='bbox 995 3049 1107 3116; x_wconf 90' lang='lat' dir='ltr'>omnia</span> <span class='ocrx_word' id='word_1_298' title='bbox 1122 3048 1279 3118; x_wconf 87' lang='lat' dir='ltr'>terrestria</span> <span class='ocrx_word' id='word_1_299' title='bbox 1294 3053 1403 3144; x_wconf 82' lang='lat' dir='ltr'>gravia</span> <span class='ocrx_word' id='word_1_300' title='bbox 1423 3051 1516 3138; x_wconf 90' lang='lat' dir='ltr'>sunt,</span> <span class='ocrx_word' id='word_1_301' title='bbox 1551 3056 1704 3149; x_wconf 84' lang='lat' dir='ltr'>gravitate</span> <span class='ocrx_word' id='word_1_302' title='bbox 1727 3075 1828 3125; x_wconf 91' lang='lat' dir='ltr'>unum</span> 
     </span>
     <span class='ocr_line' id='line_1_30' title="bbox 290 3136 1827 3241; baseline 0.005 -25"><span class='ocrx_word' id='word_1_303' title='bbox 290 3147 409 3238; x_wconf 91' lang='lat' dir='ltr'>premit</span> <span class='ocrx_word' id='word_1_304' title='bbox 427 3140 591 3241; x_wconf 75' lang='lat' dir='ltr'>alterum,</span> <span class='ocrx_word' id='word_1_305' title='bbox 606 3136 887 3230; x_wconf 70' lang='lat' dir='ltr'>preslirresrllunt,</span> <span class='ocrx_word' id='word_1_306' title='bbox 913 3162 994 3236; x_wconf 90' lang='lat' dir='ltr'>crgo</span> <span class='ocrx_word' id='word_1_307' title='bbox 1013 3145 1125 3212; x_wconf 88' lang='lat' dir='ltr'>omnia</span> <span class='ocrx_word' id='word_1_308' title='bbox 1146 3165 1241 3215; x_wconf 91' lang='lat' dir='ltr'>erunt</span> <span class='ocrx_word' id='word_1_309' title='bbox 1263 3144 1387 3216; x_wconf 89' lang='lat' dir='ltr'>solida:</span> <span class='ocrx_word' id='word_1_310' title='bbox 1428 3148 1581 3240; x_wconf 91' lang='lat' dir='ltr'>idemque</span> <span class='ocrx_word' id='word_1_311' title='bbox 1612 3151 1774 3221; x_wconf 86' lang='lat' dir='ltr'>obtinebit</span> <span class='ocrx_word' id='word_1_312' title='bbox 1792 3153 1827 3223; x_wconf 91' lang='lat' dir='ltr'>iu</span> 
     </span>
     <span class='ocr_line' id='line_1_31' title="bbox 291 3234 1826 3336; baseline 0.004 -20"><span class='ocrx_word' id='word_1_313' title='bbox 291 3241 483 3334; x_wconf 91' lang='lat' dir='ltr'>corporibus</span> <span class='ocrx_word' id='word_1_314' title='bbox 501 3236 706 3310; x_wconf 87' lang='lat' dir='ltr'>caelestibus:</span> <span class='ocrx_word' id='word_1_315' title='bbox 731 3234 870 3328; x_wconf 83' lang='lat' dir='ltr'>proinde</span> <span class='ocrx_word' id='word_1_316' title='bbox 892 3237 1033 3311; x_wconf 89' lang='lat' dir='ltr'>soliditas</span> <span class='ocrx_word' id='word_1_317' title='bbox 1064 3240 1111 3310; x_wconf 89' lang='lat' dir='ltr'>est</span> <span class='ocrx_word' id='word_1_318' title='bbox 1129 3239 1311 3314; x_wconf 88' lang='lat' dir='ltr'>universalis</span> <span class='ocrx_word' id='word_1_319' title='bbox 1334 3246 1546 3336; x_wconf 85' lang='lat' dir='ltr'>proprietas,</span> <span class='ocrx_word' id='word_1_320' title='bbox 1573 3243 1657 3319; x_wconf 86' lang='lat' dir='ltr'>&amp;in</span> <span class='ocrx_word' id='word_1_321' title='bbox 1673 3247 1826 3322; x_wconf 81' lang='lat' dir='ltr'>omnibus</span> 
     </span>
     <span class='ocr_line' id='line_1_32' title="bbox 292 3339 495 3433; baseline -0.034 -21"><span class='ocrx_word' id='word_1_322' title='bbox 292 3339 495 3433; x_wconf 92' lang='lat' dir='ltr'>corporibus.</span> 
     </span>
    </p>
   </div>
   <div class='ocr_carea' id='block_1_5' title="bbox 281 3447 1825 4326">
    <p class='ocr_par' dir='ltr' id='par_1_5' title="bbox 281 3447 1825 4326">
     <span class='ocr_line' id='line_1_33' title="bbox 338 3447 1824 3553; baseline 0.001 -28"><span class='ocrx_word' id='word_1_323' title='bbox 338 3454 371 3553; x_wconf 79' lang='lat'>§.</span> <span class='ocrx_word' id='word_1_324' title='bbox 395 3449 577 3523; x_wconf 85' lang='lat' dir='ltr'><strong>LXXXII.</strong></span> <span class='ocrx_word' id='word_1_325' title='bbox 603 3447 766 3544; x_wconf 90' lang='lat' dir='ltr'>Quamvis</span> <span class='ocrx_word' id='word_1_326' title='bbox 790 3471 976 3540; x_wconf 87' lang='lat' dir='ltr'>prementes</span> <span class='ocrx_word' id='word_1_327' title='bbox 997 3476 1161 3545; x_wconf 86' lang='lat' dir='ltr'>corpora,</span> <span class='ocrx_word' id='word_1_328' title='bbox 1192 3451 1227 3526; x_wconf 78' lang='lat' dir='ltr'>dt</span> <span class='ocrx_word' id='word_1_329' title='bbox 1252 3457 1457 3529; x_wconf 77' lang='lat' dir='ltr'>resistentiam</span> <span class='ocrx_word' id='word_1_330' title='bbox 1480 3458 1718 3542; x_wconf 90' lang='lat' dir='ltr'>offendentes,</span> <span class='ocrx_word' id='word_1_331' title='bbox 1751 3457 1824 3528; x_wconf 90' lang='lat' dir='ltr'>soli·</span> 
     </span>
     <span class='ocr_line' id='line_1_34' title="bbox 289 3543 1824 3646; baseline 0.001 -22"><span class='ocrx_word' id='word_1_332' title='bbox 289 3554 399 3625; x_wconf 88' lang='lat' dir='ltr'>ditatis</span> <span class='ocrx_word' id='word_1_333' title='bbox 427 3548 604 3637; x_wconf 85' lang='lat' dir='ltr'>formemus</span> <span class='ocrx_word' id='word_1_334' title='bbox 630 3547 765 3627; x_wconf 85' lang='lat' dir='ltr'>ideam,</span> <span class='ocrx_word' id='word_1_335' title='bbox 790 3543 867 3617; x_wconf 82' lang='lat' dir='ltr'>haee</span> <span class='ocrx_word' id='word_1_336' title='bbox 886 3566 993 3617; x_wconf 74' lang='lat' dir='ltr'>amen</span> <span class='ocrx_word' id='word_1_337' title='bbox 1014 3551 1087 3618; x_wconf 86' lang='lat' dir='ltr'>idea</span> <span class='ocrx_word' id='word_1_338' title='bbox 1112 3556 1221 3621; x_wconf 89' lang='lat' dir='ltr'>animo</span> <span class='ocrx_word' id='word_1_339' title='bbox 1248 3576 1317 3625; x_wconf 93' lang='lat' dir='ltr'>non</span> <span class='ocrx_word' id='word_1_340' title='bbox 1357 3556 1564 3646; x_wconf 87' lang='lat' dir='ltr'>repraesentat</span> <span class='ocrx_word' id='word_1_341' title='bbox 1585 3557 1647 3631; x_wconf 83' lang='lat' dir='ltr'>id.</span> <span class='ocrx_word' id='word_1_342' title='bbox 1682 3555 1772 3646; x_wconf 90' lang='lat' dir='ltr'>quod</span> <span class='ocrx_word' id='word_1_343' title='bbox 1789 3556 1824 3625; x_wconf 92' lang='lat' dir='ltr'>in</span> 
     </span>
     <span class='ocr_line' id='line_1_35' title="bbox 291 3639 1825 3741; baseline 0.001 -21"><span class='ocrx_word' id='word_1_344' title='bbox 291 3647 486 3740; x_wconf 89' lang='lat' dir='ltr'>corporibus</span> <span class='ocrx_word' id='word_1_345' title='bbox 509 3643 594 3713; x_wconf 88' lang='lat' dir='ltr'>hanc</span> <span class='ocrx_word' id='word_1_346' title='bbox 618 3639 824 3712; x_wconf 83' lang='lat' dir='ltr'>refillentiam</span> <span class='ocrx_word' id='word_1_347' title='bbox 847 3641 948 3712; x_wconf 79' lang='lat' dir='ltr'>sacis:</span> <span class='ocrx_word' id='word_1_348' title='bbox 986 3643 1178 3738; x_wconf 87' lang='lat' dir='ltr'>Ignoramus</span> <span class='ocrx_word' id='word_1_349' title='bbox 1207 3650 1305 3741; x_wconf 87' lang='lat' dir='ltr'>igitur</span> <span class='ocrx_word' id='word_1_350' title='bbox 1327 3654 1498 3740; x_wconf 92' lang='lat' dir='ltr'>quomodo</span> <span class='ocrx_word' id='word_1_351' title='bbox 1529 3653 1668 3724; x_wconf 87' lang='lat' dir='ltr'>soliditas</span> <span class='ocrx_word' id='word_1_352' title='bbox 1690 3653 1825 3740; x_wconf 88' lang='lat' dir='ltr'>corpori</span> 
     </span>
     <span class='ocr_line' id='line_1_36' title="bbox 281 3735 1824 3840; baseline 0 -23"><span class='ocrx_word' id='word_1_353' title='bbox 281 3742 425 3817; x_wconf 73' lang='lat' dir='ltr'>&#39;extenso</span> <span class='ocrx_word' id='word_1_354' title='bbox 443 3739 664 3825; x_wconf 66' lang='lat' dir='ltr'>inhaerescat,</span> <span class='ocrx_word' id='word_1_355' title='bbox 690 3735 752 3808; x_wconf 85' lang='lat' dir='ltr'>sure</span> <span class='ocrx_word' id='word_1_356' title='bbox 768 3736 848 3826; x_wconf 91' lang='lat' dir='ltr'>quid</span> <span class='ocrx_word' id='word_1_357' title='bbox 864 3743 998 3830; x_wconf 88' lang='lat' dir='ltr'>proprie</span> <span class='ocrx_word' id='word_1_358' title='bbox 1022 3740 1084 3811; x_wconf 85' lang='lat' dir='ltr'>lit:</span> <span class='ocrx_word' id='word_1_359' title='bbox 1116 3742 1193 3812; x_wconf 85' lang='lat' dir='ltr'>Sed·</span> <span class='ocrx_word' id='word_1_360' title='bbox 1207 3745 1316 3815; x_wconf 90' lang='lat' dir='ltr'>omnis</span> <span class='ocrx_word' id='word_1_361' title='bbox 1337 3745 1485 3832; x_wconf 88' lang='lat' dir='ltr'>modus,</span> <span class='ocrx_word' id='word_1_362' title='bbox 1519 3770 1586 3837; x_wconf 92' lang='lat' dir='ltr'>quo</span> <span class='ocrx_word' id='word_1_363' title='bbox 1612 3749 1824 3840; x_wconf 77' lang='lat' dir='ltr'>proprietates</span> 
     </span>
     <span class='ocr_line' id='line_1_37' title="bbox 293 3832 1825 4007; baseline -0.001 -94"><span class='ocrx_word' id='word_1_364' title='bbox 293 3840 434 3934; x_wconf 82' lang='lat' dir='ltr'>subjesio</span> <span class='ocrx_word' id='word_1_365' title='bbox 451 3837 575 3922; x_wconf 91' lang='lat' dir='ltr'>insunt,</span> <span class='ocrx_word' id='word_1_366' title='bbox 600 3832 713 3906; x_wconf 89' lang='lat' dir='ltr'>nostro</span> <span class='ocrx_word' id='word_1_367' title='bbox 732 3835 842 3905; x_wconf 88' lang='lat' dir='ltr'>auimo</span> <span class='ocrx_word' id='word_1_368' title='bbox 858 3834 906 3904; x_wconf 88' lang='lat' dir='ltr'>est</span> <span class='ocrx_word' id='word_1_369' title='bbox 920 3837 1254 3927; x_wconf 86' lang='lat' dir='ltr'>incomprebenfibilis</span> <span class='ocrx_word' id='word_1_370' title='bbox 1268 3840 1346 4007; x_wconf 39' lang='grc' dir='ltr'>ἕο).</span> <span class='ocrx_word' id='word_1_371' title='bbox 1395 3843 1450 3915; x_wconf 86' lang='lat' dir='ltr'>An</span> <span class='ocrx_word' id='word_1_372' title='bbox 1467 3843 1618 3931; x_wconf 87' lang='lat' dir='ltr'>Soliditas</span> <span class='ocrx_word' id='word_1_373' title='bbox 1635 3866 1704 3916; x_wconf 93' lang='lat' dir='ltr'>non</span> <span class='ocrx_word' id='word_1_374' title='bbox 1719 3843 1825 3934; x_wconf 91' lang='lat' dir='ltr'>sequi·</span> 
     </span>
     <span class='ocr_line' id='line_1_38' title="bbox 293 3931 1822 4033; baseline 0.001 -25"><span class='ocrx_word' id='word_1_375' title='bbox 293 3959 346 4009; x_wconf 90' lang='lat' dir='ltr'>tur</span> <span class='ocrx_word' id='word_1_376' title='bbox 369 3958 409 4006; x_wconf 85' lang='lat' dir='ltr'>ex</span> <span class='ocrx_word' id='word_1_377' title='bbox 428 3931 491 4023; x_wconf 90' lang='lat' dir='ltr'>ipsa</span> <span class='ocrx_word' id='word_1_378' title='bbox 513 3931 682 4002; x_wconf 87' lang='lat' dir='ltr'>substantia</span> <span class='ocrx_word' id='word_1_379' title='bbox 699 3951 881 4022; x_wconf 86' lang='lat' dir='ltr'>corporea,</span> <span class='ocrx_word' id='word_1_380' title='bbox 906 3935 953 4003; x_wconf 92' lang='lat' dir='ltr'>uti</span> <span class='ocrx_word' id='word_1_381' title='bbox 974 3934 1140 4006; x_wconf 91' lang='lat' dir='ltr'>nonnullis</span> <span class='ocrx_word' id='word_1_382' title='bbox 1156 3936 1256 4009; x_wconf 92' lang='lat' dir='ltr'>visum</span> <span class='ocrx_word' id='word_1_383' title='bbox 1286 3939 1356 4010; x_wconf 79' lang='lat' dir='ltr'>uit?</span> <span class='ocrx_word' id='word_1_384' title='bbox 1382 3939 1421 4011; x_wconf 93' lang='lat' dir='ltr'>ld</span> <span class='ocrx_word' id='word_1_385' title='bbox 1432 3942 1562 4033; x_wconf 89' lang='lat' dir='ltr'>probari</span> <span class='ocrx_word' id='word_1_386' title='bbox 1580 3944 1719 4033; x_wconf 89' lang='lat' dir='ltr'>nequit;</span> <span class='ocrx_word' id='word_1_387' title='bbox 1747 3940 1822 4029; x_wconf 89' lang='lat' dir='ltr'>quia</span> 
     </span>
     <span class='ocr_line' id='line_1_39' title="bbox 295 4026 1821 4129; baseline 0.001 -24"><span class='ocrx_word' id='word_1_388' title='bbox 295 4031 397 4127; x_wconf 90' lang='lat' dir='ltr'>qualis</span> <span class='ocrx_word' id='word_1_389' title='bbox 421 4030 458 4099; x_wconf 86' lang='lat' dir='ltr'>fit</span> <span class='ocrx_word' id='word_1_390' title='bbox 478 4026 644 4099; x_wconf 86' lang='lat' dir='ltr'>substantia</span> <span class='ocrx_word' id='word_1_391' title='bbox 656 4049 816 4119; x_wconf 89' lang='lat' dir='ltr'>corporea</span> <span class='ocrx_word' id='word_1_392' title='bbox 831 4031 998 4125; x_wconf 79' lang='lat' dir='ltr'>ignoratur</span> <span class='ocrx_word' id='word_1_393' title='bbox 1010 4053 1071 4122; x_wconf 90' lang='lat' dir='ltr'>per</span> <span class='ocrx_word' id='word_1_394' title='bbox 1094 4029 1125 4129; x_wconf 65' lang='lat' dir='ltr'>s.</span> <span class='ocrx_word' id='word_1_395' title='bbox 1146 4053 1206 4126; x_wconf 74' lang='lat'>43.</span> <span class='ocrx_word' id='word_1_396' title='bbox 1243 4034 1299 4106; x_wconf 85' lang='lat' dir='ltr'>An</span> <span class='ocrx_word' id='word_1_397' title='bbox 1320 4056 1427 4108; x_wconf 91' lang='lat' dir='ltr'>autem</span> <span class='ocrx_word' id='word_1_398' title='bbox 1451 4039 1608 4128; x_wconf 89' lang='lat' dir='ltr'>pendebit</span> <span class='ocrx_word' id='word_1_399' title='bbox 1624 4039 1642 4109; x_wconf 77' lang='lat' dir='ltr'>d</span> <span class='ocrx_word' id='word_1_400' title='bbox 1660 4041 1691 4109; x_wconf 91' lang='lat' dir='ltr'>vi</span> <span class='ocrx_word' id='word_1_401' title='bbox 1708 4037 1821 4126; x_wconf 86' lang='lat' dir='ltr'>inlita,</span> 
     </span>
     <span class='ocr_line' id='line_1_40' title="bbox 296 4122 1820 4226; baseline 0.003 -24"><span class='ocrx_word' id='word_1_402' title='bbox 296 4122 539 4220; x_wconf 90' lang='lat' dir='ltr'>quoquoversus</span> <span class='ocrx_word' id='word_1_403' title='bbox 558 4123 734 4196; x_wconf 85' lang='lat' dir='ltr'>extrorsum</span> <span class='ocrx_word' id='word_1_404' title='bbox 752 4146 912 4217; x_wconf 86' lang='lat' dir='ltr'>perpetuo</span> <span class='ocrx_word' id='word_1_405' title='bbox 936 4145 1120 4217; x_wconf 90' lang='lat' dir='ltr'>operante,</span> <span class='ocrx_word' id='word_1_406' title='bbox 1147 4124 1181 4199; x_wconf 69' lang='grc' dir='ltr'>ἃ</span> <span class='ocrx_word' id='word_1_407' title='bbox 1202 4129 1383 4219; x_wconf 86' lang='lat' dir='ltr'>efficiente,</span> <span class='ocrx_word' id='word_1_408' title='bbox 1410 4155 1445 4204; x_wconf 93' lang='lat' dir='ltr'>ut</span> <span class='ocrx_word' id='word_1_409' title='bbox 1462 4158 1600 4226; x_wconf 89' lang='lat' dir='ltr'>corpora</span> <span class='ocrx_word' id='word_1_410' title='bbox 1615 4138 1675 4209; x_wconf 88' lang='lat' dir='ltr'>stnt</span> <span class='ocrx_word' id='word_1_411' title='bbox 1691 4139 1724 4208; x_wconf 91' lang='lat' dir='ltr'>in</span> <span class='ocrx_word' id='word_1_412' title='bbox 1738 4157 1820 4208; x_wconf 90' lang='lat' dir='ltr'>con·</span> 
     </span>
     <span class='ocr_line' id='line_1_41' title="bbox 296 4219 1820 4326; baseline 0.003 -29"><span class='ocrx_word' id='word_1_413' title='bbox 296 4225 382 4297; x_wconf 82' lang='lat' dir='ltr'>tiuui</span> <span class='ocrx_word' id='word_1_414' title='bbox 401 4219 557 4294; x_wconf 78' lang='lat' dir='ltr'>actione?</span> <span class='ocrx_word' id='word_1_415' title='bbox 584 4221 617 4292; x_wconf 91' lang='lat' dir='ltr'>id</span> <span class='ocrx_word' id='word_1_416' title='bbox 636 4242 726 4293; x_wconf 89' lang='lat' dir='ltr'>mere</span> <span class='ocrx_word' id='word_1_417' title='bbox 739 4220 784 4293; x_wconf 88' lang='lat' dir='ltr'>est</span> <span class='ocrx_word' id='word_1_418' title='bbox 798 4222 1063 4318; x_wconf 89' lang='lat' dir='ltr'>hypotheticum:</span> <span class='ocrx_word' id='word_1_419' title='bbox 1088 4249 1249 4319; x_wconf 83' lang='lat' dir='ltr'>praeterea</span> <span class='ocrx_word' id='word_1_420' title='bbox 1273 4233 1417 4326; x_wconf 83' lang='lat' dir='ltr'>quamuis</span> <span class='ocrx_word' id='word_1_421' title='bbox 1433 4251 1548 4308; x_wconf 87' lang='lat' dir='ltr'>contra</span> <span class='ocrx_word' id='word_1_422' title='bbox 1569 4235 1745 4311; x_wconf 73' lang='lat' dir='ltr'>Adionem</span> <span class='ocrx_word' id='word_1_423' title='bbox 1768 4232 1820 4304; x_wconf 85' lang='lat' dir='ltr'>so·</span> 
     </span>
    </p>
   </div>
   <div class='ocr_carea' id='block_1_6' title="bbox 1754 4331 1820 4402">
    <p class='ocr_par' dir='ltr' id='par_1_6' title="bbox 1754 4331 1820 4402">
     <span class='ocr_line' id='line_1_42' title="bbox 1754 4331 1820 4402; baseline -0.045 0"><span class='ocrx_word' id='word_1_424' title='bbox 1754 4331 1820 4402; x_wconf 88' lang='lat' dir='ltr'>leat</span> 
     </span>
    </p>
   </div>
   <div class='ocr_carea' id='block_1_7' title="bbox 330 4514 1200 4672">
    <p class='ocr_par' dir='ltr' id='par_1_7' title="bbox 330 4514 1200 4672">
     <span class='ocr_line' id='line_1_43' title="bbox 330 4514 1200 4672; baseline 0.006 -94"><span class='ocrx_word' id='word_1_425' title='bbox 330 4514 387 4630; x_wconf 56' lang='lat'>(2⁸)</span> <span class='ocrx_word' id='word_1_426' title='bbox 405 4515 590 4594; x_wconf 77' lang='lat' dir='ltr'>blaupertulr</span> <span class='ocrx_word' id='word_1_427' title='bbox 610 4516 657 4580; x_wconf 87' lang='lat' dir='ltr'>sur</span> <span class='ocrx_word' id='word_1_428' title='bbox 678 4516 720 4579; x_wconf 81' lang='lat' dir='ltr'>lea</span> <span class='ocrx_word' id='word_1_429' title='bbox 740 4518 846 4600; x_wconf 73' lang='lat' dir='ltr'>figures</span> <span class='ocrx_word' id='word_1_430' title='bbox 869 4518 921 4582; x_wconf 80' lang='lat' dir='ltr'>dea</span> <span class='ocrx_word' id='word_1_431' title='bbox 944 4518 1041 4582; x_wconf 81' lang='lat' dir='ltr'>Allrea</span> <span class='ocrx_word' id='word_1_432' title='bbox 1062 4535 1136 4672; x_wconf 53' lang='grc' dir='ltr'>ριὲ</span> <span class='ocrx_word' id='word_1_433' title='bbox 1152 4534 1200 4597; x_wconf 74' lang='grc' dir='ltr'>η.</span> 
     </span>
    </p>
   </div>
   <div class='ocr_carea' id='block_1_8' title="bbox 0 0 2146 5961">
    <p class='ocr_par' dir='ltr' id='par_1_8' title="bbox 0 0 2146 5961">
     <span class='ocr_line' id='line_1_44' title="bbox 0 0 2146 5961; baseline 0 0"><span class='ocrx_word' id='word_1_434' title='bbox 0 0 2146 5961; x_wconf 95' lang='lat' dir='ltr'> </span> 
     </span>
    </p>
   </div>
  </div>
 </body>
</html>
