4282 5962
483 158 1638 305 uJus‘Quuarurrruuurs⁷l
1743 174 1796 305 ,7

313 396 344 485 s.
371 389 463 464 LIV.
489 390 554 462 Sed
575 387 706 481 &inter
727 384 819 459 solidi
843 385 1025 479 superficies
1049 383 1128 472 IH,
1161 383 1247 457 ΚΜ
1272 386 1464 458 intemredia
1487 385 1668 477 superficies
1683 388 1765 467 'RS
1784 419 1906 481 ‚ml

263 493 426 588 parallelo·
435 491 475 561 ad
500 487 581 572 IH,
607 489 742 583 cogitari
758 485 884 577 potest3
900 506 998 575 atque
1018 487 1100 555 inter
1118 483 1201 555 hanc
1227 482 1318 569 RS,
1344 481 1438 554 ΚΜ
1451 486 1567 554 iterum
1590 488 1671 574 alia,
1699 486 1865 596 &slei-“lp
1885 466 1919 595 3:

267 592 420 663 infinite:
452 586 545 682 Ergo
570 584 709 656 solidum
728 584 827 655 dividi
851 585 972 675 poterit
991 584 1025 653 in
1042 580 1165 654 infinita
1187 580 1289 652 solida
1312 583 1457 668 minora,
1484 581 1671 656 extensione
1694 588 1796 681 tripli-

264 693 313 762 cis
331 685 536 758 dimensronis
558 684 691 768 fimilia,
717 702 760 753 ex
782 702 924 771 quorum
939 700 1057 751 acervo
1078 680 1298 773 componitur.
1635 720 1638 725 -
1690 704 1693 713 ·

315 802 348 895 5.
376 797 450 870 LV.
475 794 603 868 Errasse
623 797 733 887 itaque
755 793 801 865 illi
815 793 983 881 videntur,
1000 793 1055 886 qui
1070 790 1233 878 asserunt,
1259 812 1392 865 omnem
1405 795 1626 869 extenfionem
1646 795 1710 869 effe
1726 798 1797 871 snn·

266 901 414 995 plicem,
448 897 485 968 in·
506 894 660 965 omnibus
689 891 841 978 similem,
866 912 934 965 non
957 890 1170 983 compofitam
1186 912 1226 961 ex
1244 892 1415 983 partibus,
1434 896 1518 984 .quia
1530 916 1620 967 mere
1632 895 1799 969 extensum

263 999 306 1070 ab
328 994 461 1068 extenso
478 1014 548 1067 non
568 987 687 1062 dissert.
735 988 834 1062 Enim
856 1010 935 1062 vero
960 988 1037 1087 ficet
1056 987 1200 1059 extensio
1223 987 1295 1058 AB
1309 987 1367 1060 fibi
1383 990 1418 1083 in
1440 990 1593 1063 om'nibus
1605 991 1646 1069 fit
1671 986 1884 1083 stanislai·
1899 989 1924 1046 ¹·

265 1094 390 1167 constat
410 1112 519 1164 tamen
545 1107 708 1161 reveraex
725 1089 868 1179 partibus
889 1086 984 1172 AC,
999 1082 1105 1171 00,
1133 1082 1230 1172 OB,
1264 1083 1299 1154 dc
1314 1082 1570 1158 licet'ertrensum
1593 1088 1668 1161 AC
1692 1091 1798 1187 longi
1811 1085 1909 1163 ilar.

265 1191 378 1261 tudine
402 1211 474 1261 non
491 1184 620 1259 differat
638 1186 678 1256 ab
700 1182 831 1258 extenso
847 1183 953 1274 CO,
978 1182 1044 1254 hoc
1069 1182 1115 1252 est
1137 1202 1205 1253 non
1222 1179 1350 1252 differat
1373 1183 1589 1281 extenfione,
1625 1185 1734 1258 dissert
1756 1190 1801 1258 ta'·

263 1308 340 1358 rnen
361 1288 450 1371 fitu,
475 1283 651 1377 atquehoc
674 1283 777 1354 modo
798 1282 956 1377 qualibet
978 1302 1053 1372 puts
1079 1280 1121 1351 ab
1143 1276 1364 1365 alia'differt3
1398 1272 1555 1371 p'r'aeterca
1585 1300 1650 1353 tres
1676 1282 1800 1376 species

261 1384 488 1458 extensionem
511 1380 549 1479 I.
568 1403 628 1474 49.
655 1382 793 1453 omnino
816 1382 900 1453 inter
922 1376 1142 1463 sedifferunt,
1166 1398 1229 1448 nec
1243 1374 1315 1447 sunt
1330 1376 1457 1449 similes.

312 1490 343 1593 I.
368 1490 460 1565 LVI.
485 1490 544 1564 Est
568 1490 740 1585 cuiuslibet
761 1494 958 1565 extensionis
974 1492 1047 1562 idea
1072 1488 1316 1583 simplicissima,
1341 1490 1420 1563 ideo
1437 1482 1534 1565 nullis
1553 1476 1661 1567 uerbis
1687 1484 1803 1569 descri-

264 1590 301 1662 bi
322 1610 378 1662 aut
392 1588 517 1683 deliniri
540 1588 672 1683 potest:
697 1588 796 1665 veluti
811 1611 946 1685 quoquc
960 1590 1032 1663 aliae
1045 1611 1153 1689 rerum
1170 1586 1401 1683 fimpbcillimae
1416 1587 1509 1661 ideae.

310 1705 343 1798 §.
368 1700 477 1781 LVII.
500 1700 711 1781 Diuilibilitas
725 1704 894 1801 hucusque
910 1707 1056 1798 expolita
1072 1707 1106 1775 in
1119 1725 1164 1789 eo
1182 1703 1351 1789 consistit,
1380 1724 1418 1775 ut
1441 1706 1475 1775 in
1496 1702 1647 1793 quolibet
1670 1704 1804 1777 extenso

260 1802 407 1922 assignari
430 1800 548 1899 possint
572 1824 682 1897 partes
702 1806 813 1877 animo
835 1823 1008 1897 concepta
1031 1827 1041 1873 ε
1082 1801 1167 1875 banc
1189 1823 1278 1875 voco
1298 1804 1582 1899 Divpibilitattm
1604 1803 1802 1911 Mathema-

263 1922 377 1978 ercam.

312 2021 344 2112 S.
369 2017 496 2092 LVIII.
520 2015 646 2092 Verum
663 2016 723 2091 alia
736 2018 802 2112 jam
821 2020 924 2091 oritur
948 2017 1108 2112 questio,
1142 2040 1215 2109 quae
1234 2015 1402 2109 Pbyfitam
1423 2019 1572 2110 speemt,
1602 2016 1658 2090 An
1683 2034 1804 2110 nempe

234 2182 237 2191 .
262 2141 432 2212 corpora,
456 2119 575 2209 quibus
600 2139 669 2189 non
692 2136 816 2188 tanturn
840 2117 1005 2203 extensio,
1030 2115 1085 2186 sed
1100 2117 1200 2186 multa
1223 2115 1285 2186 alia
1306 2117 1456 2188 attributa
1468 2117 1603 2202 insunt,
1634 2117 1676 2187 ab
1692 2136 1805 2187 exten·

265 2217 355 2297 stone
371 2214 501 2305 prorsus
521 2213 668 2300 diversa,
698 2213 772 2283 ullis
794 2214 914 2283 viribus
937 2232 1060 2283 naturae
1081 2233 1136 2281 aur
1156 2214 1232 2279 artis
1257 2212 1466 2296 dividantur,
1490 2233 1547 2282 aut
1569 2214 1676 2282 dirimi
1694 2214 1805 2283 distre·

267 2312 371 2396 bique
398 2306 524 2375 infinite
549 2308 701 2392 possint?
739 2307 824 2372 adeo
848 2327 885 2372 ut
912 2306 1039 2372 nullum
1065 2308 1253 2371 attributum
1271 2307 1302 2370 ci
1333 2305 1480 2374 divisioni
1510 2307 1603 2379 obsit.
1655 2307 1693 2375 ld
1715 2305 1808 2397 quod

268 2406 342 2490 netu
364 2399 543 2481 dividetur,
569 2397 703 2469 debebit
718 2394 782 2469 esIc
806 2396 929 2485 aliquid
947 2417 987 2467 ex
1007 2392 1153 2484 partibus
1176 2396 1426 2484 compostum:
1458 2398 1586 2469 necesse
1613 2400 1659 2469 est
1679 2421 1716 2469 ur
1736 2423 1808 2491 par·

269 2522 318 2570 tes
339 2495 491 2589 poliintrl
513 2492 545 2562 se
560 2495 745 2563 removeri:
779 2493 924 2582 partibus
947 2489 1175 2559 recedentibus
1201 2494 1374 2578 quaeritur,
1398 2491 1504 2561 anhae
1526 2493 1643 2563 iterum
1656 2495 1717 2564 snt
1736 2494 1807 2569 En·

136 2576 140 2597 ¹
268 2596 312 2667 tin
327 2615 369 2664 ex
384 2590 529 2684 partibus
543 2588 745 2679 composita,
771 2607 845 2676 quae
865 2584 1001 2676 separari
1020 2581 1170 2675 potumi
1194 2605 1236 2653 an
1257 2605 1365 2654 autem
1384 2585 1515 2655 tandem
1532 2606 1640 2676 partes
1660 2589 1720 2660 fint
1735 2594 1806 2663 uni-

266 2711 367 2774 tates,
392 2712 462 2761 non
480 2685 660 2775 composita
673 2685 780 2767 entia,
806 2678 848 2753 δι.
863 2680 940 2775 ideo
956 2702 1025 2753 non
1042 2678 1177 2751 ulterius
1196 2680 1411 2765 resolvenda?
1502 2679 1506 2685 ’

276 2844 279 2851 ·
314 2801 348 2893 §.
375 2795 467 2895 LIII.
501 2793 806 2890 Diaifibilitatem,
835 2813 914 2885 quae
936 2789 1079 2865 consistit
1092 2792 1126 2863 iu
1141 2793 1325 2887 pemotione
1339 2794 1645 2888 partium,appello
1659 2798 1806 2873 Realem

312 2912 344 3012 i.
368 2911 445 2984 LX.
472 2906 560 2981 Haec
584 2907 695 2981 locum
727 2930 798 2979 non
820 2905 920 2979 babet
941 2909 978 2980 iu
1004 2886 1330 2998 quolibet'Extcnso.
1382 2906 1472 2981 Nam
1492 2907 1652 3000 spatium,
1678 2913 1755 2984 licet
1768 2916 1815 2987 srt.

268 3011 459 3089 extensum,
483 3024 552 3075 non
567 3001 691 3077 constat
707 3023 748 3075 ex
765 3003 933 3095 partibuse
959 3003 1071 3095 quales
1086 3003 1159 3075 sunt
1178 3007 1349 3094 corporis:
1383 3025 1458 3095 pars
1481 3010 1571 3077 enirn
1592 3014 1742 3100 corporis
1760 3012 1808 3083 est

269 3104 518 3199 corpusculum,
545 3103 761 3185 minuente,
787 3097 844 3173 sed
857 3100 1004 3190 undique
1026 3102 1233 3172 terminatum
1255 3098 1309 3170 sua
1324 3098 1517 3195 superficie,
1542 3103 1602 3174 srbi
1616 3107 1806 3194 adhaerenti,

269 3204 306 3279 δι
327 3205 404 3274 idco
425 3198 529 3275 solum
548 3196 682 3271 subsistit
702 3201 827 3290 absque
841 3196 1018 3271 necessario
1037 3197 1197 3271 concursu
1219 3196 1356 3268 allorum
1378 3199 1669 3290 corpul'culomm:
1696 3226 1808 3279 verum

267 3308 301 3377 in
319 3303 420 3394 spatio
435 3296 516 3371 nihil
530 3295 599 3377 est,
623 3294 665 3364 ad
682 3293 817 3387 spatium
831 3298 1014 3386 pertinens,
1040 3295 1132 3387 quod
1147 3297 1316 3381 terminata
1332 3312 1488 3386 praeterea
1508 3301 1585 3388 quia
1608 3286 1743 3390 spatium
1759 3302 1808 3377 cst

269 3397 468 3478 immobile,
492 3392 594 3462 dividi
616 3390 693 3459 reali
714 3392 927 3463 divIfibilitate
949 3414 1019 3464 non
1037 3391 1158 3484 potest.
1209 3390 1314 3487 Quod
1339 3392 1460 3485 speliat
1483 3417 1647 3486 corpora,
1673 3420 1713 3470 an
1736 3421 1808 3473 oru-

271 3521 314 3571 ne
340 3496 514 3565 minimum
534 3484 761 3574 corpusculum
784 3486 909 3575 semper
926 3488 1036 3559 dirimi
1057 3509 1178 3579 queat,
1203 3492 1243 3559 ab
1263 3494 1462 3582 experientia
1484 3492 1714 3567 addiscendum
1738 3500 1808 3570 erit.

271 3590 485 3684 Experientia
509 3581 722 3673 quaellionem
746 3604 809 3673 pro
827 3602 909 3653 voto
935 3583 1085 3653 decidere
1108 3607 1179 3653 non
1197 3587 1320 3674 potest,
1346 3587 1402 3659 sed
1423 3589 1590 3680 scrupulos
1615 3593 1741 3684 aliquos
1758 3614 1810 3668 re·

271 3691 414 3782 linquit,
441 3685 518 3775 quia
544 3680 687 3757 minimae
706 3698 883 3771 corporum
906 3676 1072 3770 particulae
1099 3677 1205 3749 sensus
1225 3682 1381 3769 nostros,
1407 3689 1605 3773 quibuslibet
1632 3690 1811 3763 adminicu-

274 3791 314 3863 lis
335 3785 481 3877 adjutos,
507 3779 663 3871 parvitate
679 3772 855 3873 effugiunt:
882 3796 918 3847 ut
939 3796 1039 3847 nemo
1057 3777 1095 3848 fit
1110 3776 1284 3864 nostrum,
1304 3781 1362 3871 qui
1378 3800 1448 3851 non
1465 3785 1499 3852 in
1516 3783 1654 3854 sensibus
1676 3786 1737 3857 suis
1754 3810 1812 3861 cu·

275 3887 391 3980 jusque
408 3880 533 3975 generis
549 3874 708 3967 judicium
728 3878 870 3966 requirat
888 3876 1002 3947 acrius.
1053 3873 1222 3971 Quadeu
1241 3897 1349 3948 autem
1372 3896 1468 3950 tantae
1495 3882 1725 3977 magnitudinis
1741 3884 1811 3959 sunt

278 4000 440 4072 corpora,
461 3996 496 4047 ut
517 3972 656 4044 seorsum
673 3973 773 4045 videri
793 3970 939 4065 polImt,
969 3973 1135 4046 nonnullis
1146 3975 1308 4062 artificiis,
1333 3997 1388 4048 aut
1404 3982 1650 4070 operationibus
1669 4004 1809 4074 naturae,

274 4079 377 4152 dividi
405 4074 508 4145 adbuc
537 4071 660 4143 solent:
687 4071 741 4141 sed
763 4072 896 4162 quando
910 4094 978 4163 prae
997 4074 1152 4143 tenuitate
1173 4094 1242 4145 non
1265 4075 1402 4166 amplius
1422 4076 1630 4170 subjiciuntur
1649 4079 1809 4169 sensibus,

277 4199 346 4249 tum
368 4195 409 4244 ex
423 4194 485 4255 eo,
510 4168 601 4260 quod
621 4172 663 4239 ab
686 4172 884 4259 experientia
901 4169 1139 4260 suppeditatur,
1163 4191 1285 4243 attente
1304 4174 1465 4266 perpenso
1486 4176 1707 4274 colligendum
1720 4181 1809 4252 vide·

233 4282 245 4311 ³
277 4295 349 4355 tur,
381 4289 522 4360 corpora
541 4288 611 4339 non
629 4265 693 4338 else
713 4266 843 4339 diuidua
863 4267 983 4360 absque
1001 4266 1090 4357 fine,
1113 4268 1169 4340 scd
1190 4269 1364 4346 senionem
1387 4273 1429 4346 ad
1450 4272 1578 4368 abquos
1601 4298 1725 4351 tanturn
1748 4297 1810 4347 ter·

280 4374 390 4446 minos
407 4368 501 4437 effici.

274 4532 278 4539 -
326 4485 361 4578 5.
386 4480 479 4555 LXI.
504 4480 544 4554 Irl
562 4485 649 4557 enim
669 4481 753 4558 ordo
768 4482 918 4559 constans
934 4482 1111 4659 Universr13
1131 4466 1257 4575 quo'ex
1272 4485 1429 4563 dissolutis
1446 4511 1677 4590 regenerantur
1695 4486 1810 4559 eadem

1139 4604 1162 4659 r.
1739 4606 1812 4655 cor
