4584 6072
570 345 628 430 44
738 315 847 405 uu
904 317 1333 412 convouu
1390 321 1486 412 tu
1542 327 1920 473 nunnus

571 513 651 586 duas
666 515 800 587 arbores
824 533 893 586 non
914 514 1059 585 iuvenies
1071 511 1201 604 prorsus
1217 513 1363 603 similes,
1389 521 1562 612 nequidem
1584 523 1654 597 duo
1673 524 1775 598 l'oiia:
1809 551 1874 603 nec
1897 533 1981 607 duos
1997 536 2104 614 homi-

569 633 629 684 ues
642 613 673 684 se
690 629 805 680 mutuo
818 607 962 700 perfecte
976 608 1175 697 reddentes,
1199 631 1255 684 aut
1277 613 1345 684 duo
1362 617 1510 702 animalia
1522 619 1691 695 indiscreta
1705 624 1834 724 effigie,
1859 634 1906 702 uti
1922 633 2003 706 olim
2016 637 2102 712 Stoi-

569 710 602 782 ci
622 712 708 780 teile
725 705 922 778 adnotarunt
934 705 1095 798 prodente
1108 707 1273 780 Cicerone
1298 709 1378 807 (a)
1405 713 1573 788 &Plinio
1600 720 1692 816 (b).·

618 817 651 916 5.
676 815 770 890 CVI.
796 815 942 914 Quando
972 837 1080 890 tamen
1102 816 1293 909 corpuscula
1315 820 1409 891 exilia
1432 843 1474 894 ex
1502 828 1762 923 particularum,
1794 842 1960 932 precipue
1982 840 2102 944 bomof

569 933 766 1012 genearum,
791 936 877 988 caetu
891 915 1093 998 efficiuntur,
1119 912 1253 1004 possunt
1267 915 1331 986 elle
1346 918 1430 990 adeo
1444 919 1555 994 similia
1572 975 1584 1008 ,
1617 947 1654 998 ut
1671 929 1798 1004 nullum
1822 936 2034 1012 diuinnionis
2049 960 2105 1013 ve.

569 1014 744 1108 stigiumin
767 1013 956 1104 superficie,
980 1011 1125 1107 fulgore,
1154 1009 1276 1106 ligura,
1301 1015 1522 1111 magnitudine
1537 1021 1697 1096 observari
1709 1029 1814 1118 polilt
2088 1085 2096 1096 .

580 1140 586 1178 e
618 1111 706 1180 Cum
722 1111 845 1180 radium
862 1109 948 1180 Solis
962 1112 1115 1199 prismate
1133 1108 1167 1178 in
1186 1110 1328 1182 radiolos
1343 1111 1510 1186 coloratos
1522 1115 1790 1211 separaverimus,
1815 1129 2029 1225 coloremque
2042 1157 2104 1226 pu·

568 1203 692 1280 rum&
710 1206 810 1278 solum
834 1210 928 1277 unius
954 1204 1068 1276 radioli
1085 1205 1141 1276 diu
1166 1201 1200 1275 dt
1219 1226 1345 1280 ¹attente
1360 1211 1646 1304 contemplemur,
1678 1220 1799 1294 nuliam
1816 1229 1849 1296 in
1871 1227 1984 1299 colore
1998 1235 2101 1303 taric·
2150 1279 2154 1284 -

569 1323 667 1374 tutem
691 1305 946 1374 observabimus:
968 1303 1122 1393 ¹adeoque
1139 1305 1250 1374 onmia
1267 1305 1349 1376 lucis
1364 1309 1575 1400 corpuscula,
1598 1316 1723 1390 radium
1737 1321 1869 1416 alicujus
1882 1325 2003 1396 coloris
2018 1349 2101 1401 con·
2176 1419 2181 1424 .

568 1398 749 1481 liituentia,
775 1402 923 1471 videntur
939 1398 1003 1470 elle
1019 1399 1176 1470 smilllma
1194 1424 1204 1470 r
1238 1405 1330 1494 quod
1347 1403 1369 1474 st
1384 1407 1493 1494 enim,
1518 1430 1593 1498 quae
1610 1412 1767 1488 radiolum
1786 1422 1922 1490 rubeum
1937 1421 2103 1514 efficiunt,

568 1495 725 1590 dissimilia
741 1499 867 1581 forent,
885 1497 973 1567 nulla
994 1498 1055 1568 erit
1070 1499 1152 1568 ratio
1174 1499 1220 1569 ob
1247 1521 1346 1590 quam
1365 1501 1520 1574 diffimilia
1538 1509 1909 1588 eandemxsensationem
1930 1525 2072 1594 excitant
2088 1545 2102 1592 r

422 1655 426 1662 .
569 1595 628 1664 nist
655 1593 815 1664 dissimiles
831 1591 932 1664 causae
955 1594 1092 1664 eosdem
1110 1595 1259 1683 praeliare
1279 1595 1415 1670 edesius
1437 1603 1562 1693 ubsque
1581 1609 1705 1678 ratione
1731 1611 1795 1682 ulla
1816 1614 1991 1687 dicantur:
2025 1621 2104 1690 idco

570 1691 776 1773 necesseeli,
800 1710 837 1760 ut
852 1689 1008 1760 diffimilia
1028 1690 1127 1760 visum
1149 1701 1310 1784 perpetuo
1332 1696 1397 1767 alio
1426 1701 1528 1770 modo
1555 1700 1747 1793 afficerem,
1777 1729 1875 1800 atque
1899 1715 1932 1784 in
1955 1715 2104 1806 quolibet

568 1783 670 1858 Lucis
685 1787 811 1858 radiolo
833 1789 940 1858 omnis
962 1788 1090 1882 generis
1104 1788 1254 1858 colorum
1269 1795 1427 1878 varietas,
1452 1815 1508 1866 uut
1520 1797 1666 1890 eiusdem
1686 1805 1764 1874 radii
1779 1806 1892 1892 color,
1908 1831 1997 1882 nunc
2011 1831 2102 1884 tene·

569 1885 657 1966 rior,
673 1883 809 1968 clarior,
831 1883 982 1974 prcffior,
1007 1883 1189 1969 videretur,
1213 1887 1305 1976 quod
1328 1895 1535 1980 experientia
1554 1897 1743 1972 adversatur.
1793 1901 1858 1973 Sed
1879 1927 1944 1977 nos
1964 1909 2101 2002 adpatr-

567 1977 636 2050 lum
650 1981 769 2073 majora
786 2001 1035 2052 convertamus:
1062 1979 1094 2051 Si
1110 1979 1307 2074 purissimum
1323 1985 1552 2075 Mercurium,
1586 1995 1621 2064 in
1643 1993 1766 2068 sumum
1780 2001 1870 2094 ignis
1886 2025 2006 2094 vapore
2028 2029 2102 2080 ver·

568 2074 657 2161 sum,
682 2080 714 2149 in
741 2080 865 2150 mundo
886 2081 970 2150 vitro
990 2076 1164 2168 speculove
1180 2085 1378 2172 exceperis,
1402 2105 1457 2157 aut
1472 2090 1504 2157 in
1518 2087 1637 2179 pellem
1653 2090 1836 2190 subegeris,
1858 2099 2026 2188 ptelseris,
2038 2125 2102 2196 per

567 2193 666 2264 quam
684 2174 806 2246 sudoris
822 2179 894 2248 vice
907 2178 940 2246 in
959 2175 1125 2264 speculum
1142 2176 1285 2263 defluat,
1309 2181 1400 2275 globi
1420 2185 1551 2274 quidem
1567 2188 1658 2259 multi
1672 2189 1851 2263 differentis
1867 2214 1961 2266 erunt
1973 2203 2101 2296 magni-

567 2273 709 2352 tudinis,
734 2271 787 2343 scd
812 2272 901 2344 fimul
917 2271 970 2342 alii
994 2289 1089 2342 tanta
1110 2275 1267 2360 unitatis,
1285 2297 1329 2346 ut
1349 2279 1440 2349 nulla
1456 2299 1533 2352 nora
1553 2283 1861 2374 diliinsiionis,s1ve
1879 2294 1913 2363 in
1937 2301 2100 2390 magnitu-

566 2365 662 2452 dine,
684 2369 805 2463 figura,
828 2368 1026 2458 splendore,
1052 2373 1198 2457 quumvis
1221 2370 1452 2463 Microscopiis
1475 2381 1614 2448 maxime
1640 2383 1911 2471 amplificantibus
1936 2389 2104 2481 subjician-

566 2484 639 2542 tur,
662 2485 824 2552 appareat.
875 2462 989 2550 Vapor
1006 2463 1140 2530 ssucerae
1166 2485 1259 2550 aquae
1280 2467 1393 2534 calidae
1415 2471 1498 2536 vitro
1520 2472 1703 2552 advolans,
1735 2477 1964 2568 inspectusque
1988 2531 1999 2564 ‚
2031 2491 2104 2576 pari

565 2559 670 2632 ruodo
691 2558 736 2629 eli
751 2575 969 2648 comparatus.
1019 2553 1159 2625 Globuli
1181 2555 1340 2650 sanguinis
1359 2561 1466 2640 rubri,
1492 2567 1529 2633 'ut
1544 2561 1581 2633 dt
1598 2563 1722 2652 setosi,
1755 2571 1788 2639 in
1805 2574 1869 2643 vivi
1885 2579 2030 2650 animulis
2047 2581 2103 2654 va'·

566 2655 661 2728 sculis
679 2656 923 2724 circulationem
949 2651 1131 2744 obeuntes,
1159 2651 1288 2738 plurimi
1309 2656 1471 2724 concordi
1495 2658 1598 2751 figunt
1621 2662 1811 2753 spectantur.
1866 2669 1935 2766 Qui
1961 2675 2104 2752 diverso·

566 2771 640 2824 rum
657 2769 833 2836 corporum
850 2747 1026 2816 solutiones
1041 2747 1073 2814 in
1103 2765 1187 2832 aqua
1207 2747 1468 2835 praeliantiffimis
1481 2753 1621 2828 Wilsoni
1637 2755 1672 2830 dr
1688 2760 1788 2834 Cuffii
1806 2763 2040 2865 Microscopiis
2052 2779 2102 2850 in·

476 2911 479 2916 ,
568 2863 695 2925 tuetur,
719 2846 907 2914 innumeros
921 2839 1044 2935 detegit
1055 2838 1210 2934 globulos
1226 2843 1431 2934 eviliffimos,
1445 2850 1538 2921 nttllo
1557 2852 1738 2930 discrimine
1754 2861 2010 2958 dignoscendos,
2022 2895 2102 2963 pro-

567 2943 748 3030 bantesque
763 2959 904 3029 corpora
928 2935 998 3008 sere
1017 2956 1141 3006 tautum
1161 2957 1203 3008 ex
1225 2939 1371 3034 globulis
1392 2951 1580 3039 componi;
1619 2955 1656 3026 id
1673 2975 1715 3028 ex
1734 2959 1878 3053 autoplia
1895 2959 1930 3034 dr
1950 2965 2102 3064 diligenti

566 3036 790 3111 observatione
806 3036 981 3107 multotum
996 3054 1155 3104 annorum
1171 3033 1307 3110 affirmo.

575 3183 581 3194 .
615 3131 669 3206 Ex
685 3133 838 3228 fimilibus
851 3132 971 3208 ultimis
984 3129 1092 3202 solidis
1106 3133 1277 3221 particulas
1295 3140 1390 3228 primi
1406 3139 1528 3212 ordinis
1544 3143 1662 3220 similer
1675 3154 1777 3236 oriri,
1800 3151 1836 3226 lit
1854 3175 1895 3226 ex
1912 3154 2100 3250 hujusmodi

563 3233 735 3306 ordinibus
752 3231 829 3304 alius
849 3227 979 3300 alterius
993 3227 1117 3300 ordinis
1131 3229 1248 3302 similes
1263 3229 1397 3306 sonnuri
1412 3251 1770 3338 parces,⁸nequaquam
1789 3255 1904 3326 rationi
1918 3257 2101 3357 repugnat,

566 3331 723 3421 quoniam
745 3327 830 3398 clare
854 3327 986 3416 concipi
1000 3327 1112 3395 animo
1125 3327 1252 3417 potest,
1279 3353 1341 3404 nec
1354 3335 1435 3423 quid
1452 3337 1613 3427 obstaret,
1637 3342 1858 3422 offendimus:
1877 3354 1973 3424 adeo
1987 3378 2025 3427 ut
2039 3363 2107 3431 uti·

445 3425 447 3432 ’
564 3446 638 3498 ιιιιιι
656 3447 722 3496 ιιοιι
737 3422 799 3507 fit,
824 3443 964 3512 corpora
986 3421 1141 3512 quaedam
1163 3445 1259 3514 parva
1276 3428 1422 3503 sensuum
1437 3453 1503 3525 ope
1520 3437 1629 3510 smilia
1640 3441 1811 3518 observeri.

572 3589 578 3598 .
615 3537 648 3638 5
674 3536 784 3610 CVll.
809 3534 934 3608 Verum
950 3536 1003 3608 bic
1021 3538 1183 3612 literarum
1198 3544 1243 3615 est
1266 3567 1407 3715 pt‘tIgna,
1442 3554 1608 3626 nonnullis
1636 3555 1842 3654 Philosopbis
1867 3563 2100 3647 affirmantibus

566 3641 677 3710 omnia
697 3656 836 3726 corpora
864 3633 1039 3705 necessario
1062 3635 1168 3728 aliqua
1183 3661 1261 3714 nota
1321 3645 1530 3722 edistinsias
1543 3651 1626 3724 Sunt
1646 3661 1702 3746 qui
1724 3657 1784 3730 hac
1804 3660 1972 3754 hypomeu
1993 3667 2100 3743 fiden-

565 3753 632 3828 tes,
653 3731 877 3823 Microscopio
890 3751 985 3822 arque
1003 3733 1036 3801 in
1049 3736 1190 3806 minimis
1205 3759 1243 3808 ac
1262 3745 1408 3814 maximis
1423 3749 1616 3836 corporibus
1633 3753 1814 3826 discrimina
1832 3765 1922 3834 cerni
1940 3765 2096 3840 sudaster

565 3831 714 3902 asserunt.
749 3827 805 3900 De
820 3829 870 3898 bis
885 3828 1022 3900 dubitari
1036 3829 1168 3920 pulset,
1192 3857 1233 3907 an
1249 3859 1398 3929 unquam
1415 3843 1669 3920 observationem
1687 3851 1914 3950 Microscopio
1934 3858 2098 3936 iecerint:

564 3929 648 4002 Sunt
671 3930 727 4020 qui
745 3923 958 3998 modestiores
976 3926 1209 4017 politioresque
1224 3951 1263 4003 ea
1287 3936 1420 4025 quidem
1436 3938 1616 4014 discrimina
1630 3951 1755 4041 percipi
1778 3975 1846 4025 non
1863 3955 1973 4048 pulsu,
2000 3959 2057 4032 sed
2079 3983 2100 4033 a

563 4025 837 4116 praestantioribus
854 4020 1085 4110 Microscopiis
1105 4025 1318 4116 inposterum
1337 4031 1498 4106 detedium
1513 4041 1549 4108 iri
1568 4045 1751 4132 opinantur.
1802 4051 1866 4123 Sed
1881 4075 1921 4124 an
1945 4054 2010 4127 hoc
2025 4079 2100 4131 mo·

563 4120 610 4190 do
631 4144 699 4193 non
715 4121 818 4214 magis
834 4115 1039 4210 indulgemus
1051 4117 1191 4192 assumtis
1214 4128 1406 4218 principiis,
1433 4153 1527 4222 quam
1545 4133 1690 4213 sensuum
1705 4143 2004 4225 observationibus?
2029 4155 2102 4228 Sal-

563 4234 630 4288 tem
649 4212 852 4312 ingenua'est
864 4209 1033 4299 conseffio,
1048 4213 1083 4284 id
1098 4218 1244 4292 nondum
1260 4221 1324 4294 else
1337 4246 1559 4319 compertum:
1571 4238 1692 4310 etiamli
1708 4241 1772 4312 huc
1787 4249 1945 4339 usquead
1960 4253 2099 4324 oculum

563 4311 721 4406 probetur
743 4330 884 4395 concors
911 4307 1022 4404 ligura.
1079 4312 1147 4406 ¹lilii
1168 4322 1378 4414 temeritatem
1401 4329 1557 4418 opinandi
1577 4354 1646 4408 nou
1668 4340 1940 4442 extimescentes,
1971 4367 2104 4422 errores
2255 4415 2256 4420 ,

426 4481 432 4486 ,
564 4427 703 4506 augent,
728 4407 906 4478 discrimina
921 4405 964 4476 ad
980 4428 1094 4483 omues
1106 4430 1283 4510 corporum
1305 4421 1473 4530 multatus
1491 4432 1714 4512 extendentes.

601 4617 661 4697 (ι)
682 4619 892 4768 'l'ul'eulrm5¹

601 4697 663 4783 (i)
682 4699 805 4768 elau
825 4700 868 4768 El
893 4717 937 4788 ot,
954 4703 1060 4782 Natus,

886 4619 961 4683 nali.
983 4621 1049 4685 le.
1062 4643 1092 4704 4.
1174 4631 1181 4638 ’
1202 4631 1218 4640 “
