4282 5962
427 286 566 379 DE
678 274 1332 370 MAGNET'E:
1601 306 1678 392 ιιι

556 532 601 607 In
628 528 784 626 distantia
1051 535 1221 607 Attrallr'o
1254 536 1385 629 aequalis

554 633 672 705 linear.
693 630 776 724 poll.
1046 634 1161 727 granis
1183 631 1324 706 medicis.
1467 650 1495 705 ο

206 1615 417 1691 Artendendo
439 1611 481 1687 ad
502 1608 625 1708 sprot,
657 1602 731 1703 qu'ae
753 1609 789 1681 in
809 1626 891 1682 cavo
912 1608 1093 1700 cylindro,
1126 1609 1271 1705 ejusdem
1300 1634 1339 1687 ac
1363 1612 1483 1707 sphaera
1508 1612 1676 1699 diametri,

157 1714 362 1807 interjacent,
392 1712 573 1808 detegimus
591 1708 814 1780 attradiionem
837 1704 929 1779 stalle
957 1710 993 1780 in
1022 1707 1148 1779 ratione
1162 1708 1292 1781 'inversa
1316 1708 1584 1805 sesquiduplicata
1608 1706 1678 1799 spa·

158 1815 273 1882 riorum
298 1808 576 1881 intemrediorum.
632 1803 725 1876 Idem
744 1825 879 1900 magnes
900 1802 1085 1896 cylindrum
1109 1801 1250 1879 ferreum
1273 1808 1408 1881 minoris
1431 1805 1610 1877 altitudinis
1631 1803 1679 1876 vi·

154 1906 243 1979 rmus
263 1906 444 1979 minoribus
466 1902 614 1989 nomin
638 1901 850 1973 nihilominus
875 1899 1053 1974 secundum
1077 1898 1215 1973 eandem
1237 1902 1346 2003 legem
1372 1900 1599 1995 Attrad’tionis.

202 2016 234 2111 l.
268 2014 571 2091 DCCCCLVllL
601 2012 748 2113 Magnes
770 2012 942 2107 sphaericus
966 2015 1114 2110 pendens
1143 2036 1185 2088 ex
1213 2016 1337 2106 Libra,
1360 2015 1498 2115 globum
1517 2017 1680 2102 ferreum,

154 2111 290 2280 ffim
322 2115 357 2187 in
387 2113 516 2221 rabula,
558 2111 703 2225 ejusdem
738 2113 998 2215 magnitudinis,
1035 2112 1093 2185 suo
1126 2115 1209 2205 polo
1243 2115 1451 2211 sequentibus
1483 2112 1605 2191 viribus
1635 2128 1683 2183 at·

560 2416 605 2488 In
629 2412 785 2510 distantia
1051 2415 1221 2485 Attradlr'o
1245 2415 1378 2507 equalis

565 2514 704 2587 Linear.
724 2513 811 2608 poll⁴
1052 2511 1173 2583 Granis
1194 2509 1349 2585 Medicis.

683 2702 1279 2775 8..·.1.·l·.

577 2818 1121 2892 .7····2

587 2896 1226 2985 ·6.:..3,25.

780 2990 1120 3062 ....6
1380 3004 1385 3011 ·

953 3107 1122 3179 ··9

863 3300 1142 3372 ...3ο

863 3377 1144 3467 ...64

681 3009 705 3085 5

679 3111 1150 3277 {Ilmm

681 3302 790 3351 o.

684 3396 788 3461 1¹·

681 3491 1180 3564 o....a9o.

204 3680 326 3753 lterum
350 3692 512 3766 ponamus
539 3670 651 3747 ambas
675 3672 813 3766 sphaeras
833 3697 916 3749 cavo
937 3675 1089 3768 cylindro
1111 3672 1204 3775 inille
1227 3678 1382 3767 inclusas,
1406 3682 1451 3751 ad
1468 3682 1555 3756 utria
1579 3684 1680 3755 inter-

157 3776 241 3851 valla
261 3772 431 3858 dimillas,
464 3790 600 3861 tumque
623 3770 802 3864 intercepta
827 3774 927 3866 spatia
949 3773 1170 3860 confidenti,
1196 3795 1269 3866 quae
1296 3796 1388 3847 etant
1402 3779 1442 3849 ¹in
1463 3797 1605 3866 utroque
1623 3797 1697 3855 err·¹

157 3893 263 3945 tremo
291 3867 612 3961 hemisphaero·cavt
637 3868 722 3940 inter
749 3869 821 3941 hac
848 3872 884 3941 in
905 3871 1016 3943 medio
1045 3870 1249 3962 cylindrica,
1273 3873 1493 3965 comperientr
1517 3870 1590 3943 Lex
1614 3872 1681 3943 At·

157 3968 324 4041 madlionis
358 3970 393 4038 in
414 3966 481 4036 lmc
501 3964 757 4057 experimento,
775 3968 823 4041 ¹in
846 3970 972 4039 ratione
998 3967 1121 4041 inversa
1144 3968 1303 4061 quadrato
1324 3968 1478 4061 quadrma
1502 3967 1679 4060 spatiorum

157 4069 432 4156 interemtorum.-
469 4059 617 4135 Diversa
646 4063 876 4161 magnitudinis
901 4056 1078 4162 Magnetes
1103 4063 1267 4157 spherici,
1291 4066 1430 4138 eandem
1461 4063 1588 4162 Legem
1612 4064 1677 4138 At·

157 4164 323 4234 unitionis
350 4159 542 4231 habuerunt.
590 4155 678 4251 Quo
699 4180 853 4252 tempore
880 4161 951 4235 haec
974 4165 1194 4255 otperimentr
1216 4162 1310 4252 feri,
1335 4156 1533 4237 Mech'anica
1555 4160 1677 4237 Motus

153 4259 236 4332 milri
264 4279 333 4331 non
353 4258 557 4342 innotuerat,
580 4277 655 4348 quae
678 4278 786 4331 namen
807 4257 1038 4331 consideranda
1059 4278 1137 4331 erar.

202 4355 288 4433 Usus
311 4340 359 4432 in
378 4354 440 4436 bac
457 4350 644 4447 medrudo',
666 4373 705 4431 ut
724 4355 941 4452 indagarem,
971 4356 1091 4489 quibus
1116 4357 1237 4441 sirium
1260 4356 1405 4469 Magnes
1424 4363 1674 4548 opermetugeirn

968 4551 1021 4628 Sa
1613 4560 1615 4564 ’
1653 4530 1673 4548 ”
