4584 6072
535 321 609 471 'ru'
673 281 1714 447 ’.···υΕΡΗῙιὉεοΡΗῑΑ·
1839 349 1848 428 1

534 577 563 639 r?
588 581 640 666 9⁰.
659 563 749 638 Haec
767 557 897 632 scientia
921 571 1055 645 quoque
1077 541 1332 640 superstitionem
1348 539 1461 625 tollit,
1484 539 1539 610 cui
1562 541 1641 612 olim
1663 535 1816 613 Gentiles
1828 538 2008 618 stultillime·
2018 551 2071 622 br.

536 669 718 764 dulgebant
768 660 936 745 docetque
962 665 1114 721 accurato
1130 641 1269 714 examini
1292 633 1514 708 &ratiocinio
1536 643 1646 710 omnia
1663 641 1760 712 obvia
1774 638 1838 710 elle
1856 641 2072 734 subjicienda,

539 781 718 856 antequam
733 777 795 850 pro
813 752 896 826 veris
920 747 1121 818 habeantur:
1156 740 1244 810 Cum
1263 737 1353 806 enim
1374 733 1393 802 i
1418 731 1466 828 Q.
1483 732 1666 820 Minucio,
1688 757 1894 828 propraetore
1916 739 2072 831 scripurm

541 861 621 936 esset
638 909 656 946 ,·
678 856 813 947 Equum
840 870 916 921 cum
940 848 1086 937 quinque
1107 837 1277 932 pedibus,
1294 829 1403 932 pullos
1423 831 1619 928 gallinaceos
1635 853 1699 904 tres
1716 857 1792 906 cum
1817 841 1915 908 ternis
1930 838 2071 929 pedibus

539 979 643 1033 natos
664 953 751 1026 esse:
779 949 854 1021 inde
870 953 891 1016 d
909 943 946 1015 P.
963 940 1110 1034 Sulpicio
1122 930 1319 1028 proconsule
1334 949 1375 1000 ex
1392 929 1593 1000 Macedonia
1608 929 1712 1003 literae
1728 931 1875 1019 adlbae,
1897 937 1929 1005 iu
1949 937 2069 1027 quibus

452 1047 456 1053 ’
538 1061 629 1128 inter
647 1073 755 1124 cetera
774 1049 925 1137 scriptum
941 1059 1028 1122 crat,
1049 1034 1210 1106 lauream
1230 1032 1264 1099 in
1280 1030 1386 1119 puppi
1400 1029 1488 1098 nauis
1500 1026 1614 1194 lonffiae
1631 1049 1774 1100 enammr
1796 1033 1942 1122 priorum
1957 1025 2070 1123 prodi.

539 1141 935 1322 illiciis-ssd
949 1136 1142 1304 issli‘ii’
1153 1123 1567 1320 ,siffisbsiilii
1584 1123 2074 1316 bsbqildsliiib

537 1302 698 1438 responso
717 1361 831 1412 eorum
857 1331 1052 1425 supplicatio
1071 1325 1200 1418 populo
1217 1324 1253 1392 in
1270 1319 1357 1390 diem
1371 1339 1473 1389 unum
1490 1317 1621 1406 ediiia,
1645 1317 1681 1391 oe
1704 1321 1745 1392 ad
1759 1277 2073 1413 mnitia⁷pulvinaria

538 1465 594 1520 res
621 1443 742 1514 divinae
767 1437 863 1506 sasiae
888 1429 966 1526 (u).
1015 1423 1146 1498 Nostris
1165 1417 1366 1512 temporibus
1388 1415 1504 1487 scimus
1522 1416 1609 1508 saepe
1625 1418 1710 1490 nasci
1725 1418 1910 1510 equuleos,
1931 1417 2077 1507 vitulos„

536 1563 659 1626 canes,
687 1559 762 1610 cum
781 1535 927 1624 quinque
942 1524 992 1598 vel
1009 1524 1062 1594 sex
1083 1521 1251 1616 pedibusr
1272 1513 1328 1585 sed
1347 1514 1426 1604 quid
1443 1514 1520 1586 inde
1536 1515 1612 1586 mali
1630 1519 1738 1588 evenit
1753 1537 1808 1588 aut
1819 1517 1985 1614 contigit?
2011 1520 2072 1592 An

540 1642 589 1712 ob
606 1639 682 1710 baec
711 1657 731 1704 a
759 1629 860 1716 Deo,
878 1625 930 1699 vel
954 1623 1113 1693 anteaiiis.
1134 1614 1356 1708 temporibus,
1381 1611 1437 1683 rol
1458 1611 1642 1704 praesenti,
1672 1614 1795 1706 aliquid
1817 1615 1898 1687 muli
1919 1615 2074 1706 portendi

538 1756 601 1808 out
624 1735 740 1806 instare
760 1729 948 1800 nunciatum
959 1719 1006 1789 eli
1023 1719 1040 1789 ἓ
1066 1717 1101 1788 id
1115 1732 1325 1807 nequaquam
1343 1709 1488 1780 confiat:
1517 1733 1577 1784 cur
1594 1733 1675 1810 ergo
1694 1713 1864 1784 credemus
1880 1711 1989 1804 jactari
2010 1713 2075 1784 mi.

538 1853 603 1908 nas
619 1886 632 1920 ,
653 1831 705 1904 vel
728 1827 834 1900 sutura
848 1822 933 1894 mula
954 1813 1197 1912 praesignificari
1210 1812 1227 1881 i
1250 1807 1330 1900 quid
1345 1807 1392 1878 illi
1405 1809 1539 1882 abortus
1558 1805 1777 1882 &monstrose
1794 1829 1904 1900 patrus
1924 1831 2078 1884 commuv

536 1953 587 2004 ·ne
607 1933 728 2001 habent
754 1947 829 1998 curn
852 1923 949 1992 rebus
966 1915 1114 1988 civilibus
1129 1913 1225 1982 tutius
1243 1905 1387 1998 populi,
1411 1925 1469 1979 aut
1485 1929 1561 1978 cum
1581 1911 1735 1980 aerumnis
1752 1904 1789 1978 dc
1804 1908 2075 1996 calamitatibus,

536 2029 662 2120 quibus
683 2025 808 2116 semper
833 2021 912 2092 varii
935 2014 1070 2107 populi,
1088 2029 1144 2082 aut
1163 2026 1251 2080 nunc
1270 2003 1351 2089 hae,
1372 2023 1460 2074 nunc
1476 2005 1551 2077 aliae
1576 2008 1728 2102 regiones
1752 2003 1933 2076 afficiuntur
1949 2005 1966 2074 i
1985 2027 2076 2096 prae·

536 2145 631 2208 aerea
646 2121 817 2217 quomodo
839 2116 965 2190 volutus
978 2109 1153 2200 canmsque
1178 2107 1284 2176 avium
1307 2122 1359 2172 res
1371 2099 1492 2171 suturas
1511 2101 1753 2174 declarabunt?
1778 2103 1899 2194 quidsi
1914 2102 1995 2194 pulli
2007 2106 2077 2177 avis

540 2221 585 2293 de
606 2221 766 2314 objeeiam
781 2215 880 2288 offam
900 2212 1017 2294 edant,
1035 2227 1090 2278 aut
1108 2205 1206 2276 edere
1226 2197 1361 2283 nolint,
1376 2196 1483 2280 bella,
1500 2202 1742 2296 navigationes,
1765 2203 1908 2286 itinera,
1922 2199 2078 2291 prospere

532 2339 598 2390 aur
619 2317 818 2410 improspera
836 2308 961 2382 erunt?
984 2327 1025 2376 an
1040 2323 1115 2376 aves
1134 2301 1242 2372 sutum
1262 2294 1378 2366 melius
1395 2292 1560 2389 sagacibus
1583 2298 1770 2370 bominibus
1790 2295 1925 2368 noscent
1946 2315 2001 2367 aut
2024 2299 2077 2370 in,

452 2479 454 2484 .
540 2415 721 2487 dicabunt?
739 2430 794 2481 aut
817 2430 858 2479 an
874 2405 969 2476 Deus
994 2405 1032 2471 iis
1050 2398 1092 2469 ad
1113 2394 1289 2468 revelanda
1307 2390 1419 2460 finum
1434 2392 1563 2462 utimini
1587 2394 1759 2482 quomodo
1783 2393 1849 2462 hoc
1869 2413 2080 2481 compertum

533 2511 710 2594 habetur?
731 2505 811 2596 quid
830 2501 954 2572 ·Pulmo
970 2495 1107 2576 incisus,
1130 2489 1209 2580 quid
1222 2503 1297 2554 exta
1319 2482 1386 2552 fissa
1405 2501 1463 2552 aut
1476 2487 1542 2553 inte
1622 2490 1750 2554 mediati
1763 2488 1910 2556 anbnalis
1932 2487 1975 2556 de
1988 2486 2085 2558 futu-

535 2628 579 2684 ro
598 2624 710 2678 rerum
722 2597 995 2670 diverbffimueum
1012 2604 1132 2655 eventu
1156 2583 1372 2676 indicaretur
1385 2578 1538 2670 praesrgm'
1560 2601 1634 2648 care
1654 2583 1832 2670 potemur?
1860 2582 2086 2674 ideo-sapiens

537 2723 595 2776 tes
603 2697 755 2771 Romani
774 2685 966 2782 hujusmodi
988 2679 1220 2771 praedisiiones
1237 2667 1277 2742 bs
1292 2689 1408 2741 eventa
1423 2671 1587 2754 riserunt,
1601 2673 1840 2768 neglexerunt,
1871 2678 2052 2752 resistarunt
2063 2731 2083 2769 ,

537 2801 588 2870 uti
605 2817 646 2868 ex
664 2794 830 2864 Cicerone
850 2782 915 2875 (b)
943 2775 979 2849 ἃ
996 2776 1148 2848 Minutio
1161 2768 1274 2840 Felice
1294 2765 1421 2836 corsiae
1443 2766 1516 2862 (r).
1539 2770 1726 2842 Americani
1755 2771 1939 2860 hbdiemi,
1958 2777 2080 2852 insulas

537 2892 678 2970 Antilbs
703 2883 913 2963 incolentes,
946 2873 1007 2945 buc
1030 2867 1254 2961 superstitione
1274 2861 1424 2934 laborant
1441 2913 1460 2950 ,.
1477 2861 1642 2937 Diabolus
1668 2869 1703 2938 in
1730 2887 1933 2944 mortuorum
1956 2873 2080 2952 ollibus

538 2988 723 3081 hospitari,
753 2979 832 3051 ideo
856 2977 913 3069 qui
937 2970 1020 3043 alios
1042 2963 1264 3038 ineffascinare
1285 2960 1453 3072 gell-ione,
1487 2959 1635 3033 humams
1663 2962 1781 3037 offlbus
1803 2966 1925 3059 aliquid
1948 2994 2086 3064 potus„

535 3091 629 3173 eibi,
653 3085 704 3158 vel
722 3071 949 3172 litppelleciilis
972 3065 1015 3138 ad
1031 3058 1259 3137 incantantium
1276 3058 1490 3148 peronensis,
1510 3057 1684 3148 infundunt
1700 3085 1710 3126 r
1735 3061 1867 3136 ollibus
1878 3067 1997 3142 deinde
2015 3093 2078 3144 ρο,

540 3205 643 3260 toneo
661 3179 815 3254 involutis
836 3174 1030 3262 opinantur,
1052 3163 1250 3232 incantatum
1273 3153 1440 3242 extemplo
1465 3151 1601 3242 perdere
1625 3155 1798 3249 vigorem,
1822 3157 1915 3234 lenta.
1929 3164 2020 3238 febre
2040 3165 2080 3243 dt

537 3279 783 3366 sabaeorum,
813 3269 947 3340 tandem
971 3262 1089 3344 mori,
1112 3267 1182 3328 nec¹
1195 3251 1299 3324 ullum
1323 3245 1428 3318 afferri
1453 3245 1545 3338 polle
1570 3251 1761 3324 remedium.
1818 3255 1934 3332 Auefi
1958 3262 2088 3354 aliquis.

536 3380 641 3453 merit
658 3369 807 3450 occisus,
836 3365 989 3458 saergttine
1009 3356 1079 3449 eius
1092 3349 1149 3426 olli
1165 3347 1270 3424 infuso
1285 3395 1302 3434 ,
1318 3345 1539 3434 homicidam,
1554 3345 1665 3440 ajunt,
1683 3351 1801 3448 vigore
1810 3353 1929 3428 amilio,
1939 3358 2086 3455 langue..

534 3498 600 3560 ue,
625 3469 762 3542 &lenta
782 3463 856 3534 tabe
875 3457 1021 3531 consumi
1042 3452 1121 3548 (d).
1754 3485 1758 3494 ·
1799 3489 1804 3498 ·

533 3609 545 3622 ·
590 3570 717 3658 Ecquis
737 3556 923 3654 hujusmodi
947 3551 1072 3625 sabellis
1102 3545 1322 3640 superstitiose
1350 3543 1449 3617 fidem
1472 3545 1637 3618 babebit?
1665 3549 1750 3638 quid·
1772 3549 1884 3623 facere·
1904 3555 2011 3644 porest
2034 3580 2084 3634 oe

543 3667 679 3761 aiicujus
702 3661 822 3736 mortui
843 3653 936 3726 smol
965 3671 1041 3742 cum
1063 3648 1216 3742 sanguine
1237 3641 1369 3716 occist?
1390 3644 1561 3731 quomodo
1591 3647 1777 3735 operabitur
1792 3649 1827 3718 in
1849 3648 2089 3744 homicidam„

536 3771 602 3863 qui
624 3761 756 3838 cnutum
772 3753 959 3827 utilliaribus
976 3765 1031 3818 aut
1046 3745 1197 3836 'pluribus
1215 3738 1304 3812 abest
1319 3759 1334 3806 e
1379 3733 1569 3833 Quomodo·
1585 3751 1629 3809 os·
1646 3740 1780 3831 alicujus
1802 3746 1963 3819 marens
1980 3752 2081 3824 invo-

537 3869 649 3941 ‘lurum
671 3851 859 3949 supelleiiili
879 3848 1008 3917 alterius
1037 3841 1179 3913 bominis
1205 3834 1394 3928 operabitur
1412 3838 1446 3904 in
1469 3835 1676 3926 possessorem
1692 3837 1920 3928 supelleiiilis‚
1945 3864 1981 3914 ut
2000 3867 2083 3922 con
2201 3879 2217 3896 ·

545 3945 835 4060 ripiutursebre&
858 3945 945 4016 lenta
962 3939 1037 4014 tabe
1051 3954 1189 4030 pereat:
1214 3935 1248 4002 in
1260 3930 1395 4019 Europa
1419 3932 1500 4006 nihil
1520 3931 1618 4004 uuile
1639 3936 1812 4030 confingit.
1863 3935 2082 4023 Gubernator

536 4064 656 4142 msulae
672 4049 874 4135 Martinique
888 4041 1014 4131 aliquot
1029 4029 1217 4128 hujusmodi
1234 4025 1320 4111 offa,
1333 4027 1375 4100 ab
1394 4026 1482 4098 Indis
1498 4046 1642 4100 cotoneo
1657 4031 1822 4119 involuta,
1836 4055 1877 4104 ex
1891 4058 1984 4110 antro
2000 4047 2080 4120 colr

549 4169 690 4262 legerat,
710 4145 791 4242 iussit
806 4161 842 4212 ut
856 4143 891 4210 in
907 4135 1048 4208 Galliam
1062 4129 1265 4210 deserantur,
1290 4144 1390 4215 atque
1404 4127 1487 4196 inter
1501 4127 1620 4196 rariora
1632 4127 1667 4195 in
1684 4126 1804 4200 Museo
1818 4131 1910 4206 ducis
1923 4139 2081 4220 Aurelia,

493 4299 496 4304 .
542 4256 654 4342 ‚nenas
676 4248 897 4322 servarentur:
928 4231 1032 4309 Nauis
1057 4226 1185 4306 Gallice
1205 4224 1332 4316 capitur
1354 4222 1395 4298 ab
1415 4217 1613 4314 Hispanico,
1638 4243 1739 4321 capte.
1753 4225 1878 4306 vehitur
1899 4235 1933 4308 in
1956 4232 2081 4331 Hispo.

1111 4381 1115 4391 .
1967 4351 2093 4418 mam

586 4555 626 4628 (ι
665 4523 847 4608 biriurle.
865 4551 913 4610 32·
928 4532 999 4609 erp.
1017 4543 1046 4594 rt

578 4635 626 4714 ,ss
668 4625 748 4685 Libe.
765 4635 792 4678 a.
815 4614 851 4675 de
866 4612 985 4673 dirime.

587 4715 645 4876 ,⁴⁶13
663 4693 1006 4852 ffinsssrfrff'uct'tep'rss‘?
1059 4695 1243 4834 {sufficio
1259 4771 1287 4826 ι·
1303 4755 1406 4830 ·rrrrte
1425 4773 1451 4844 3.
1465 4755 1560 4840 culp.
1581 4771 1688 4840 m
1705 4763 1774 4841 ste
