4282 5962
269 208 775 315 aranounrs
819 207 1531 316 enruosoattnunr.
1617 258 1668 342 ις

130 426 211 503 lium
227 425 417 587 plantatur}l
429 414 615 512 catalogum
631 409 761 485 tradidit
778 460 790 497 ,
823 428 860 482 ut
876 404 911 480 de
928 407 1123 484 methodum
1135 410 1238 505 pelles
1253 417 1289 487 in
1311 422 1401 491 coria
1421 425 1577 498 variarum
1599 427 1669 520 spe·

129 532 257 601 cierunt
274 541 382 595 vercen
408 520 415 533 '
469 540 492 586 a
522 564 532 584 .
1668 512 1670 518 ‘

185 624 292 697 Faber
311 514 464 688 serratim(
479 515 569 705 igpe
593 608 733 683 offendit
749 605 869 679 sermm
891 605 990 700 spinis
1007 606 1175 683 dunffimis
1188 613 1348 707 plenum,
1373 615 1458 691 adeo
1481 637 1518 692 ut
1535 624 1589 694 trix
1611 645 1668 696 cu·

130 727 170 799 di
190 718 340 793 &linari
355 711 468 807 polilt,
493 713 607 803 paucis
627 709 768 780 innotuit
786 705 965 779 remedium
979 704 1184 803 fragilitatem
1208 708 1244 784 dc
1268 714 1371 806 spinas
1394 715 1530 789 tollendi
1547 769 1559 803 ,
1591 742 1668 794 cum

137 828 288 920 ignorant
303 808 491 909 phlogiilon
507 808 553 879 illi
570 807 657 880 ferro
672 803 803 876 deell'e:
834 807 1027 896 ceteroquin
1043 808 1128 877 circa
1155 809 1191 880 id
1211 811 1333 902 pallam
1353 814 1527 912 saligneis
1551 818 1669 891 carbo·

135 921 259 996 nibus,
286 911 406 1003 adipe,
429 907 571 980 stercore
592 907 715 998 equino
733 898 891 998 &argilla
907 902 1237 994 circumposuislent,
1268 907 1305 980 dt
1320 913 1354 982 in
1370 914 1446 1010 igne
1466 914 1591 1004 aliquot
1608 915 1670 985 ho·

131 1020 178 1091 ris
200 1009 388 1095 conliserat,
412 1025 450 1080 ut
463 1003 576 1077 olemn
589 1002 644 1073 vel
658 1000 844 1096 phlogiilon
859 1000 957 1092 spinis
975 1003 1231 1092 imprimeretur:
1257 1008 1298 1079 ab
1311 1009 1391 1080 oleo
1408 1012 1496 1082 enim
1516 1009 1669 1103 imprelio

133 1106 306 1188 &muniit
328 1103 458 1189 molle,
479 1099 755 1198 homogeneumi
780 1097 912 1168 duciile.
961 1099 997 1170 si
1017 1119 1140 1190 praeter
1154 1103 1266 1175 oleam
1288 1107 1341 1176 vel
1357 1106 1544 1203 phlogillon
1559 1109 1672 1200 impri-

135 1231 241 1285 mamr
257 1206 334 1292 Sal,
359 1223 402 1275 ex
417 1199 522 1274 Ferro
543 1199 580 1272 dt
599 1196 772 1287 Chalybs,
802 1217 844 1266 ex
868 1217 937 1289 quo
950 1197 972 1267 ii
987 1200 1118 1288 perierit
1133 1202 1167 1271 in
1183 1203 1259 1296 igne
1282 1203 1420 1289 oleum,
1444 1207 1526 1276 redit
1540 1204 1672 1277 ferrum

186 1318 238 1404 5⁰.
263 1304 324 1377 Est
340 1322 456 1400 magna
469 1296 618 1389 myneae
637 1296 757 1368 utilitas
775 1294 809 1366 in
827 1293 1018 1381 Medicina,
1043 1300 1198 1387 quoniam
1211 1322 1332 1393 corpus
1348 1301 1525 1376 humanum
1541 1301 1587 1373 est
1604 1324 1672 1375 nra·

132 1410 232 1482 chine
246 1424 290 1475 ex
306 1403 477 1483 utilibus,
500 1398 634 1479 mneis,
660 1391 832 1476 trochleis,
857 1393 992 1483 aliisque
1014 1397 1144 1489 organis
1162 1396 1359 1469 mechanicis
1379 1400 1575 1492 compofita:
1600 1420 1673 1471 mo·

134 1524 253 1579 ventur
270 1520 357 1581 arms
377 1518 443 1591 ope
467 1492 709 1578 musculorum,
732 1489 881 1582 quisunt
902 1495 1062 1583 potentia
1087 1493 1250 1566 trabentes
1264 1498 1413 1581 ocelim,
1441 1520 1551 1589 eoque
1568 1497 1672 1569 modo

132 1603 255 1677 ollibus
266 1597 467 1679 iniemnnar,
491 1614 528 1666 ut
548 1595 678 1665 afflone
695 1590 829 1660 minima
842 1592 1003 1663 maximos
1025 1590 1124 1662 edam
1148 1591 1283 1665 alfenus
1301 1618 1310 1662 ε
1343 1615 1506 1686 praecerea
1522 1595 1568 1665 est
1597 1615 1673 1667 cor·

133 1722 200 1795 pus
222 1695 362 1769 animale
377 1685 538 1766 Machina
554 1687 780 1780 Hydraulica,
813 1688 965 1782 adeoque
989 1709 1032 1760 ex
1051 1692 1244 1784 cognitione
1267 1689 1445 1765 fluidorum
1462 1714 1523 1784 per
1546 1691 1674 1763 canales

134 1797 254 1873 molles
270 1790 306 1866 ἃ
323 1791 471 1864 elasticos
492 1787 664 1861 fluentium
680 1806 804 1857 cannam
822 1785 1032 1881 intelligenda
1050 1808 1060 1856 ε
1085 1785 1187 1860 Chiro
1229 1793 1237 1806 '
1260 1811 1361 1861 omne
1383 1813 1487 1887 genus
1511 1790 1677 1865 machinae

134 1900 171 1968 in
188 1892 338 1969 curandis
354 1891 452 1987 aegris
467 1887 557 1980 saepe
572 1883 710 1958 inuium
725 1904 867 1970 vocant,
891 1886 939 1955 uti
963 1887 1092 1968 velles,
1118 1905 1189 1958 troc
1225 1909 1311 1972 eas,
1337 1910 1490 1972 cuneos,
1512 1887 1676 1959 cochleas.

135 1993 226 2065 Tum
248 1988 284 2062 dt
303 1990 481 2061 multorum
503 1986 816 2058 medicamentorum
834 1986 917 2054 vires
944 1975 979 2052 ἂ
1004 1985 1149 2054 aiiiones
1170 2006 1212 2055 ex
1238 1983 1380 2077 Phyficis
1405 1987 1571 2079 principiis
1594 1985 1677 2059 dun·

135 2110 223 2165 taxat
243 2082 430 2185 intelligi&
444 2086 576 2177 probari
591 2081 722 2174 poliunt
740 2104 749 2149 ε
781 2081 859 2150 ideo
882 2079 1046 2150 scientiam
1062 2081 1283 2154 machinarum
1301 2106 1369 2155 non
1393 2106 1507 2174 parum
1532 2080 1678 2152 Medicis

132 2187 448 2261 commendavemnt
466 2181 708 2272 Hippocrates,
734 2176 899 2259 Bellicus,
926 2175 1128 2262 Pitcarnius,
1148 2179 1318 2267 Botellus,
1339 2180 1558 2266 Boerhavius,
1587 2177 1681 2251 Keil·

139 2287 226 2363 lius,
251 2282 468 2366 Chaurana,
490 2276 682 2356 Freindius,
707 2273 828 2358 aliique
842 2274 1007 2360 principes
1020 2271 1159 2342 Medici.

68 2375 72 2383 “
192 2378 243 2448 6⁰.
272 2371 530 2460 lipparitionum
551 2386 665 2436 vanam
686 2363 721 2432 δι
747 2365 896 2431 inutilem
923 2365 1170 2434 admirationem
1195 2368 1331 2454 Physica
1354 2389 1395 2436 ex
1423 2375 1533 2438 animo
1561 2370 1680 2459 pellit,

136 2475 219 2566 quia
237 2469 349 2541 fimilla
370 2460 593 2554 phaenomena
606 2479 662 2526 aut
672 2458 827 2539 adnotat,
848 2474 906 2524 aut
922 2455 1089 2547 explicat:
1110 2464 1284 2528 nonenim
1305 2462 1519 2533 admiratione
1538 2467 1684 2555 capimur

138 2572 161 2641 d
183 2565 353 2663 cognitis,
372 2558 430 2629 sed
451 2555 597 2636 onmia,
619 2551 790 2635 inauditis,
816 2568 983 2639 nunquam
999 2550 1097 2620 nus:
1120 2572 1262 2641 quorum
1283 2559 1590 2628 concatenationem
1606 2579 1683 2635 cum

138 2667 212 2738 allis
229 2659 370 2755 cognitis
387 2672 458 2726 non
478 2651 648 2723 videmus:
673 2645 799 2721 Verom
818 2646 876 2736 qui
896 2648 930 2714 in
950 2643 1080 2716 scientia
1101 2648 1148 2717 est
1165 2649 1344 2721 admodum
1359 2651 1532 2738 versatus,
1555 2659 1684 2746 appari·

137 2768 268 2836 tionum
290 2772 448 2826 novarum
470 2768 549 2819 cum
568 2745 711 2840 cognitis
727 2762 876 2817 catenam
898 2741 1068 2831 extemplo
1091 2742 1246 2840 detegit,
1267 2746 1448 2838 definirque
1465 2753 1601 2822 mirari:
1622 2755 1681 2843 qni

139 2865 239 2958 iginn
262 2851 405 2949 perfeeto
425 2845 599 2936 Phyiioam'
610 2840 743 2912 calleret
759 2888 771 2921 ,
786 2842 956 2909 miraremr
975 2838 1085 2924 nihil,
1105 2841 1165 2912 nili
1186 2840 1259 2913 Ena
1278 2843 1462 2933 infinitum,
1484 2846 1682 2938 supremum,

118 3020 121 3025 .
137 2974 322 3031 creatorem
341 2950 515 3018 omnium:
535 2939 654 3033 vulgus
674 2956 784 3008 autem
800 2939 950 3032 ignarum
964 2936 1008 3007 ab
1025 2938 1180 3011 omnibus
1199 2936 1296 3016 novis
1317 2941 1575 3035 apparitionibus
1590 2966 1683 3021 com

140 3071 304 3128 moveram·
579 3062 584 3073 '

191 3157 247 3245 7⁰·
269 3141 335 3217 sed
359 3135 592 3211 &liberamur
613 3133 728 3204 mortis
757 3149 874 3217 meru,
905 3133 1053 3223 inprimis
1086 3154 1163 3205 corn
1191 3133 1342 3207 fulminat
1363 3154 1552 3230 tonatque,
1590 3141 1684 3232 polla·¹

140 3270 241 3345 quam
263 3241 436 3315 didicimtu
459 3233 596 3307 fulmina
616 3230 681 3302 elle
700 3230 881 3317 naturalia,
906 3230 1109 3321 nubiumque
1131 3231 1353 3306 cicatricatum
1379 3236 1606 3326 explosronesa
1630 3261 1680 3311 ra·

144 3346 258 3424 riffime
279 3366 299 3413 a
323 3336 460 3407 fulmine
482 3331 656 3400 exanimari
679 3327 843 3398 homines:
874 3348 949 3399 nam
971 3327 1068 3398 seculi
1091 3327 1243 3420 i‘patloin
1261 3327 1422 3424 ampla&
1444 3333 1603 3424 populosa
1625 3359 1681 3410 un

144 3450 188 3520 be
208 3435 370 3530 leudensi
387 3451 474 3501 untrs
487 3445 612 3496 tantum
630 3424 798 3495 afulmine
818 3426 905 3496 iiius
919 3425 1006 3511 suit,
1032 3429 1101 3497 imo
1118 3428 1152 3498 in
1176 3429 1323 3501 universo
1345 3428 1464 3526 Belgio
1487 3453 1570 3503 rarae
1595 3432 1681 3505 cala·
1822 3448 1832 3469 ⁸

144 3548 274 3616 minares
287 3528 442 3602 Lethales
455 3522 537 3593 sunt.

196 3638 247 3709 80,
269 3629 351 3702 Non
367 3620 601 3694 conturbamur
616 3616 822 3715 ignoratione
836 3634 964 3702 rerum,
989 3621 1144 3707 equibus
1159 3621 1330 3694 horribiles
1352 3624 1491 3700 existunt
1512 3625 1600 3720 iaepe
1612 3627 1679 3701 fot·

139 3735 284 3810 midines
306 3749 316 3795 e
340 3722 388 3792 uti
415 3715 549 3810 quando
573 3714 729 3785 Cometae
754 3733 912 3804 apparent
935 3717 968 3785 in
1002 3717 1092 3786 caelo
1115 3738 1190 3787 cum
1212 3721 1328 3808 amplis
1349 3723 1522 3815 longisque
1544 3726 1679 3798 candias

145 3830 300 3922 Pnysrcus
317 3821 406 3893 enirn
421 3816 553 3896 didicit,
567 3811 726 3883 Cometae
742 3808 806 3879 elle
821 3828 962 3901 corpora
980 3815 1136 3902 perennia
1152 3860 1165 3900 ,
1188 3814 1326 3906 planetis
1342 3817 1477 3906 fimilia,
1503 3842 1581 3911 qua:
1595 3822 1682 3899 staria

146 3923 351 4018 temporibus
374 3914 484 3989 marsus
507 3909 712 3983 conficiunt:
732 3905 883 3998 adeoque
907 3906 986 3978 nibil
1000 3910 1076 3980 mali
1092 3911 1135 3982 ab
1149 3912 1211 3982 illia
1235 3916 1346 3985 timet:
1369 3914 1458 3987 Cum
1474 3917 1680 4014 ignari,fot·

146 4027 273 4102 midine
291 4037 407 4111 magna
425 4010 531 4083 affeiii
548 4008 803 4097 commotique,
820 4004 1038 4092 calamitates,
1059 4009 1172 4100 peilim
1191 4058 1202 4095 ,
1219 4010 1304 4082 bella
1320 4017 1441 4084 atrocia
1460 4066 1472 4101 ,
1497 4018 1681 4108 principum

147 4141 292 4200 mortem
313 4113 445 4185 indicati
465 4105 501 4180 dt
524 4106 689 4201 praesagiri
716 4102 901 4194 hujusmodi
922 4109 1021 4201 virgis
1043 4107 1232 4178 caelellibus
1255 4109 1415 4197 credant,
1442 4132 1678 4207 metiumque,

145 4220 279 4318 qualem
296 4229 452 4307 pavorem
480 4204 631 4280 nonnulli
648 4202 689 4275 ad
702 4202 834 4296 plebem
856 4202 1034 4300 regendam
1064 4206 1200 4279 consilio
1216 4229 1335 4308 uergere
1359 4210 1496 4288 student.

1184 4416 1189 4423 Ι
1258 4422 1262 4429 q
1341 4414 1394 4431 ,ὁ
1524 4309 1680 4410 9·.Haee

190 4532 248 4618 (a)
267 4528 380 4597 L'Hlil.
401 4527 438 4589 de
458 4521 585 4593 L'Acad.
602 4518 639 4589 de
654 4518 750 4589 iletiiu
772 4520 828 4588 ΔΟ.
848 4520 934 4603 η’ς4.
953 4533 1019 4603 pag.
1038 4522 1208 4607 17·&124

310 4658 324 4670 ·
623 4649 627 4653 ’
944 4640 977 4712 C
1004 4664 1025 4712 a
