4572 6086
586 391 670 498 27!
784 373 906 474 Du
986 353 1911 461 uuucnnrciunu·

586 583 684 668 ΑΒ,
714 577 860 654 infiliem
883 571 962 668 pedi
983 568 1095 666 ligneo
1119 565 1180 651 C,
1212 561 1267 636 fila
1289 561 1375 632 linet
1397 558 1541 653 pendulo
1563 558 1598 628 in
1627 554 1805 628 romndum
1832 554 1932 631 hebet
1962 559 2111 651 adnexa,

470 673 554 772 ‘up-ab,
590 704 611 778 ς
635 677 718 774 poll.
741 676 867 770 longo:
899 667 1044 742 medium
1063 664 1171 736 trochi
1196 657 1332 732 mensur
1355 657 1475 730 cunulis
1496 653 1619 726 ferreus
1643 653 1749 740 DE,
1780 654 2001 745 pendensen
2029 660 2116 732 duo-

440 787 537 852 xxtl.
588 783 651 854 bus
675 775 781 850 seriem
805 768 984 848 lemniscis,
1008 767 1096 838 ciem
1116 758 1263 831 conulem
1291 757 1388 828 edam
1423 755 1484 825 sint
1515 750 1612 848 ligate
1634 749 1688 824 fila
1710 751 1797 823 liner
1821 751 1924 825 libere
1948 756 2115 847 penduim

439 870 502 944 1¹8·
518 881 547 932 ²·
589 874 721 950 fimulac
754 890 823 943 mm
854 865 1030 940 affunditur
1053 857 1243 932 ebutium
1275 854 1362 926 ciret
1395 849 1498 938 DE,
1531 849 1688 922 recedunt
1710 847 1765 922 filu
1788 850 1908 922 cunulis
1934 874 1954 925 ιι
1978 863 2119 944 centro,

589 994 726 1070 propter
750 963 892 1042 fluidum
915 956 1107 1034 oleumcum
1132 953 1289 1028 mouns:
1313 951 1369 1024 sed
1393 947 1486 1022 unul
1511 947 1565 1018 filu
1590 949 1624 1018 iu
1647 946 1823 1020 rotundum
1848 951 1966 1026 trocho
1990 953 2120 1026 adnexu

590 1071 744 1145 advolant
768 1065 810 1138 ad
834 1059 1000 1142 canalem,
1022 1075 1086 1127 ceu
1103 1071 1269 1138 centrum,
1293 1068 1428 1144 propter
1453 1044 1594 1120 fluidum
1617 1043 1802 1116 elertncum
1827 1045 2001 1136 advolans,
2028 1047 2066 1122 δι
2091 1051 2124 1123 o

590 1169 646 1243 filu
675 1164 795 1239 cunulis
820 1156 856 1232 δι
881 1155 1005 1229 Troebi
1031 1152 1062 1224 se
1086 1153 1277 1246 contingere
1300 1147 1442 1241 possint,
1466 1142 1737 1239 conjunguntur,
1761 1163 1831 1214 uno
1852 1141 2122 1235 supnseundente

590 1266 758 1348 alterum
793 1259 942 1330 breviora
973 1250 1015 1321 ad
1047 1267 1193 1320 mutuum
1226 1249 1384 1320 unionem
1412 1245 1584 1330 nimmm,
1616 1237 1700 1312 odeo
1724 1257 1762 1311 ut
1783 1239 1975 1313 eleemctns
1999 1246 2121 1319 eodem

591 1379 742 1451 ternpore
766 1352 875 1427 evolet
899 1347 934 1422 dt
958 1345 1105 1441 affluat(
1145 1345 1180 1440 ).
1826 1421 1829 1428 ,

641 1457 677 1529 si
698 1458 784 1527 circa
807 1449 984 1522 {bilior-am
1008 1443 1146 1516 ferream
1172 1461 1238 1536 ope
1262 1440 1355 1538 globi
1378 1440 1471 1512 vitrei
1495 1433 1769 1510 circumfundatur
1782 1431 2000 1534 destricios,
2025 1461 2122 1534 eque

477 1567 482 1575 ’
589 1552 763 1650 penicillus
786 1547 913 1634 ndiens
937 1545 1098 1639 spetlum
1119 1541 1162 1613 ad
1185 1560 1287 1612 unum
1311 1557 1409 1630 quum
1433 1536 1476 1609 ed
1498 1535 1635 1607 alterum
1657 1543 1859 1619 extremum,
1883 1535 1969 1608 adeo
1992 1558 2029 1610 ut
2053 1541 2120 1612 eless

590 1653 735 1730 &siclos
759 1669 801 1720 ex
825 1663 966 1738 utroque
989 1659 1138 1713 extremo
1162 1635 1288 1712 effluet.
1621 1643 1626 1654 ’

641 1749 802 1820 Praererea
833 1743 894 1814 lint
927 1741 995 1812 duo
1016 1737 1200 1826 homines,
1233 1734 1350 1808 stantes
1374 1733 1473 1806 ambo
1498 1734 1532 1804 in
1557 1733 1658 1821 pice,
1690 1725 1801 1800 saltem
1824 1728 2005 1821 ultertner,
2039 1755 2122 1810 unus

590 1840 1072 1942 periundmtuelettrieitute,
1103 1835 1240 1932 digitum
1261 1832 1412 1918 exserat,
1443 1829 1524 1901 ulter
1555 1849 1623 1900 non
1656 1823 1868 1918 perfundatur
1890 1827 2123 1918 eledrrin'tnte.

591 1942 629 2016 dr
658 1942 726 2014 di'
831 1938 922 2008 lente
955 1933 1127 2007 admoveat
1160 1933 1277 2024 prioris
1300 1931 1434 2026 digito,
1463 1925 1500 2024 sit
1529 1923 1781 2018 explosorum
1803 1928 1952 2018 crepitu,
1977 1923 2012 2000 dt
2036 1949 2125 2003 uter.

591 2060 658 2131 que
695 2041 777 2110 etntit
799 2031 1014 2107 uffedbionem
1038 2033 1073 2102 in
1096 2030 1234 2127 digito,
1265 2049 1393 2113 manu,
1418 2023 1583 2111 brachio,
1607 2017 1763 2114 penore:
1789 2016 1879 2094 Nem
1896 2026 1993 2098 ambo
2011 2049 2125 2122 equa.

592 2137 667 2210 liter
693 2134 888 2207 afficiuntur.
1082 2133 1085 2141 '
1293 2167 1297 2178 ·
1821 2160 1824 2168 »

644 2231 817 2330 Quantum
846 2249 888 2302 ex
914 2247 981 2300 uno
1018 2223 1144 2311 effluit,
1174 2241 1299 2297 tantum
1319 2225 1365 2302 ,in
1396 2220 1533 2308 nitemur
1559 2215 1695 2301 influit,
1727 2217 1836 2290 donec
1869 2218 2064 2296 eledrlcites
2087 2227 2122 2298 in

753 2329 792 2400 ι

440 2528 444 2538 ’
591 2446 996 2609 foloffi‚pscmtulnn
1016 2441 1311 2607 curguexplolione
1330 2513 1455 2610 trudere
1478 2501 1661 2626 possuntt,
2058 2475 2069 2512 ’
2124 2557 2130 2564 -

605 2675 610 2684 ·
643 2639 675 2742 s.
701 2631 1016 2722 DCCGLXXIV.
1041 2629 1183 2705 Necetle
1206 2630 1253 2704 est
1275 2651 1314 2704 ut
1331 2629 1565 2706 eleetntorum
1598 2625 1802 2703 effluvtonm
1836 2629 1969 2708 affluxus
1989 2631 2033 2708 bt
2057 2653 2134 2710 eum

453 2755 456 2762 ’
537 2770 540 2787 .
593 2737 714 2810 effluxu
722 2741 757 2806 in
770 2731 972 2824 aequilibrio,
996 2725 1150 2802 utire8ee
1163 2725 1342 2804 observavit
1357 2729 1545 2802 Wetsonus.
1595 2725 1675 2800 Plus
1690 2730 1778 2800 enim
1793 2723 1923 2803 effluere
1940 2754 2008 2806 non
2025 2729 2132 2826 poiset'

594 2855 694 2928 quam
710 2829 829 2916 affluit3
845 2850 909 2900 nec
928 2825 1002 2920 plus
1013 2825 1164 2912 affluere,
1180 2821 1216 2897 dt
1235 2825 1292 2900 diu
1305 2825 1439 2914 servati,
1455 2828 1537 2920 quin
1553 2823 1679 2918 effluat,
1701 2829 1824 2924 quippe
1842 2847 1910 2902 tum
1927 2829 2133 2906 idioe'Iesbri·

596 2947 674 3006 cum
682 2927 820 3002 trandent
835 2927 965 3017 penitus
983 2923 1186 3016 impleretur:
1212 2921 1428 3016 aequilibrium
1457 2922 1626 3016 uniusque
1648 2922 1754 2995 fluxus
1774 2923 2025 2998 demonstratum
2048 2929 2135 3018 suit,

597 3029 754 3122 quonium
783 3024 913 3096 brastea
943 3021 1104 3096 metallica
1136 3023 1224 3094 inter
1256 3021 1336 3093 dues
1368 3019 1509 3116 equales
1540 3025 1667 3114 patinas
1698 3019 1870 3092 metallicus
1903 3023 2070 3096 liberrime
2096 3030 2136 3100 in

596 3127 673 3200 uere
692 3121 844 3215 suspendi
862 3119 992 3212 potest,
1017 3117 1130 3190 modo·
1144 3139 1209 3189 una
1231 3121 1341 3213 patina
1362 3118 1506 3210 pendeat
1528 3139 1570 3191 ex
1595 3119 1677 3192 tubo
1700 3117 1834 3208 ferreo,
1860 3122 1915 3213 qui
1939 3121 2137 3195 eledbicim-

597 3213 1179 3390 nli‘flll‘ltllli‘iltl
1194 3215 1372 3385 quilii&
1386 3216 1732 3385 {isdiiiieiiffi
1756 3216 2141 3392 simillimi

601 3413 706 3506 spatio
728 3339 850 3502 paripvi
873 3412 1020 3498 apurina
1040 3407 1184 3480 inferiori
1193 3363 1347 3502 ’pendula
1371 3428 1459 3482 natat
1484 3397 1517 3504 in
1542 3337 1652 3483 medso
1676 3411 1760 3480 iuter
1785 3429 1975 3503 utramque,
2001 3415 2144 3506 planum
2261 3365 2262 3396 ἶ

601 3509 762 3584 exhibens
783 3505 825 3576 ed
851 3523 1023 3596 utramque
1044 3507 1186 3597 potinam
1207 3509 1343 3580 redium.
1392 3507 1427 3578 Si
1452 3513 1525 3601 quis
1550 3529 1619 3582 tum
1643 3507 1675 3577 di
1702 3509 1748 3577 'to
1773 3508 1825 3580 vel
1849 3508 1921 3580 stilo
1938 3510 2052 3596 tubum
2070 3510 2142 3584 ser·

604 3619 697 3680 reum
723 3603 780 3674 teti
841 3603 884 3689 't‚
909 3601 1066 3696 abripitur
1085 3603 1305 3688 elenricitas,
1330 3625 1409 3677 mox
1434 3607 1562 3678 brattea
1586 3609 1620 3680 in
1643 3529 1828 3678 insererem
1853 3610 1994 3698 patinam
2020 3605 2145 3692 relabi·

604 3725 658 3777 tur
678 3703 970 3796 connoviturque,
993 3700 1046 3774 vel
1069 3702 1091 3773 st
1114 3705 1306 3798 extremitati
1327 3705 1397 3776 tubi
1420 3701 1522 3776 ferrei
1540 3705 1660 3802 globus
1685 3703 1864 3778 metallicus
1888 3703 1946 3778 filo
1971 3704 2147 3788 metallico

605 3799 720 3875 affixos
742 3819 946 3894 apponatur,
971 3796 1008 3872 dt
1037 3795 1172 3874 bmstea
1191 3800 1297 3895 jacent
1322 3807 1356 3874 in
1380 3805 1510 3894 patina,
1535 3801 1642 3894 potest
1667 3802 1739 3874 haec
1764 3805 1848 3874 inter
1871 3799 2008 3900 globum
2028 3799 2063 3874 δι
2082 3823 2147 3894 pa·

606 3902 707 3974 tinam
727 3895 893 3992 suspendi,
918 3895 1095 3994 periniquo
1122 3898 1157 3969 in
1186 3900 1363 3971 rotundum
1386 3903 1472 3970 circa
1493 3900 1632 3997 globum
1657 3901 1745 3970 lente
1770 3897 1886 3982 motu,
1911 3895 2019 3988 potest
2037 3899 2148 3986 ibrac-

606 4015 660 4072 tea
679 3995 822 4091 pendula
845 3999 879 4069 in
903 3999 978 4068 aire
1003 3999 1089 4066 circa
1109 3994 1248 4089 globum
1271 3999 1368 4067 etiam
1392 4000 1560 4072 converti:
1594 3997 1671 4067 loco
1695 3995 1831 4065 bratteae
1858 3994 1964 4063 tenuis
1989 3993 2146 4083 plumula

503 4121 581 4192 m,
608 4095 697 4167 idem
719 4091 857 4186 praestat.
909 4090 1097 4185 Jucundtnn
1124 4089 1169 4159 est
1192 4098 1449 4184 experimentum
1469 4095 1539 4167 'hoc
1554 4093 1665 4165 modo.
1691 4090 1780 4175 AB,
1807 4087 1909 4176 CD,
1935 4087 2006 4163 sunt
2032 4117 2053 4166 o
2079 4091 2149 4164 stili

461 4203 560 4276 xxti.
609 4193 728 4290 lignei,
749 4190 881 4283 jureii,
904 4210 980 4260 cum
1004 4185 1097 4258 Ac.
1122 4186 1213 4259 silum
1239 4189 1374 4284 sericumv
1392 4191 1437 4263 est
1462 4191 1554 4280 EF,
1579 4211 1618 4262 ex
1643 4211 1712 4284 quo
1736 4188 1860 4280 pendet
1883 4186 2003 4262 lamina
2027 4210 2150 4260 rotun·

463 4291 530 4372 dig.
545 4294 575 4358 ³·
611 4286 711 4360 tundo
738 4283 839 4361 Grex
860 4282 948 4357 ferro
971 4281 1048 4354 albo
1070 4281 1172 4355 famu!
1198 4283 1244 4358 est
1270 4285 1305 4360 H
1328 4289 1388 4360 ulia
1414 4288 1531 4362 lumina
1554 4288 1692 4362 rotunda
1717 4285 1838 4372 ferrea,
1865 4288 1919 4357 cui
1944 4283 2148 4359 inferius‘est

610 4381 722 4462 uffixus
748 4383 845 4456 tubus
870 4381 917 4469 1,
956 4382 1013 4474 qui
1035 4383 1153 4455 inmitti
1176 4385 1210 4456 in
1233 4387 1348 4460 tubum
1377 4387 1410 4460 K
1444 4410 1558 4464 cavum
1583 4385 1716 4480 potest,
1748 4403 1785 4457 ut
1816 4384 1932 4456 lumina
1963 4381 1999 4456 H
2030 4383 2148 4561 amdssi

2109 4501 2152 4555 e.

648 4673 705 4758 su)
728 4670 826 4744 villu.
849 4671 887 4742 de
908 4671 1022 4747 l'beud.
1045 4675 1126 4760 noy.
1151 4676 1209 4748 Ao·
1228 4665 1314 4764 1753ss
1334 4696 1400 4768 pez.
1413 4637 1485 4761 edu·
1605 4621 1608 4628 Δ
