4568 6090
470 379 478 388 ,
614 289 702 400 aaa
783 281 877 376 ns
929 257 1999 370 corporeum-urunacrromrnus.

614 487 697 560 fitne
719 503 739 552 a
761 481 907 574 rubigine
926 474 993 544 sunt
1019 467 1160 540 devorari
1180 514 1192 549 ,
1214 459 1367 537 -trndente
1396 455 1500 528 Ulloa
1526 453 1618 548 (a).
1643 457 1731 534 idem
1756 463 1794 534 iit
1819 469 1853 540 in
1871 469 1987 542 insulis
2010 473 2118 550 lintha-¹

615 579 677 658 dos
701 577 791 672 (a).
847 573 883 642 ln
906 563 1069 642 Cornubia
1096 562 1148 634 Sal
1166 563 1305 634 ‚aereum
1331 554 1479 646 ocyffime
1504 551 1596 624 exest
1619 553 1761 645 ferrum,
1787 561 1867 636 licet
1890 570 2014 658 pilium
2040 573 2121 668 (c),

609 674 732 764 Leydre
764 669 902 742 ridemus
931 660 1048 730 ferreas
1073 661 1271 742 columnas,
1305 674 1440 747 quatuor
1464 648 1600 742 pollices
1621 651 1767 743 crailnr,
1797 682 1906 756 prope
1932 665 2057 754 solum,
2081 671 2122 744 se·

605 771 671 852 auli
696 769 793 858 spatio
816 762 944 852 penitus
970 756 992 828 d
1018 757 1176 854 rubigine·
1194 754 1372 828 eonsumtas
1396 745 1430 818 dc
1454 745 1570 818 erosas.

654 862 719 936 Ubi
744 878 851 932 autern
873 859 946 928 Αὲι
970 855 1017 928 est
1043 855 1214 938 iincerus,
1251 851 1318 922 salis
1341 867 1488 936 expers,
1522 841 1640 916 ferrum
1659 868 1775 922 manet
1803 858 1991 948 mundum,
2024 869 2073 938 uti
2096 870 2127 940 ι,

600 959 680 1034 Sinu
708 953 853 1030 Hudsoni
878 955 921 1024 ah
947 949 1030 1024 Ellis
1055 951 1101 1023 est
1125 952 1346 1022 observatum:
1377 943 1568 1014 lta-vertice
1593 948 1716 1015 montis
1752 947 1908 1048 Canigoo
1938 961 1973 1030 in
2008 959 2127 1036 Rusci·

600 1059 697 1134 nonia
726 1073 807 1126 crux
840 1049 944 1124 ferrea
975 1050 1016 1122 ad
1049 1051 1172 1120 initium
1204 1047 1295 1116 linea
1329 1039 1515 1114 meridiane
1541 1039 1648 1112 Anno
1678 1046 2030 1142 1701.foiteredia,
2056 1077 2128 1149 qua

600 1155 705 1228 Anno
735 1170 841 1244 1744.
867 1172 985 1224 novam
1010 1147 1115 1218 adhuc
1140 1142 1346 1216 emulabatur
1371 1139 1463 1232 (d).
1522 1135 1559 1208 In
1585 1133 1838 1214 Mediterraneis
1864 1144 2055 1224 Germaniae
2079 1155 2128 1226 lo,

595 1252 644 1324 cis
673 1247 796 1320 serrum
828 1249 923 1320 seculi
957 1247 1056 1338 spatio
1088 1265 1162 1332 non,
1183 1259 1303 1314 tantam
1327 1235 1423 1308 sentit
1448 1235 1662 1330 rubiginem,
1688 1258 1787 1327 quarn
1813 1243 1902 1331 apud
1926 1267 1989 1317 nos
2012 1247 2127 1348 Belgas

597 1343 681 1420 intra
714 1348 907 1420 oiiiduum:
940 1343 1028 1416 Hinc
1059 1341 1127 1412 Acir
1152 1360 1187 1409 ιιι
1212 1338 1286 1410 Αὲι
1309 1359 1379 1408 ιιοιι
1404 1333 1450 1405 est
1474 1331 1566 1404 causa
1592 1331 1787 1429 Rubiginis:
1814 1337 1848 1408 Si
1872 1338 1993 1414 ferrum
2018 1347 2125 1438 Aquae

596 1445 728 1520 finccrre
760 1445 946 1536 injiciatur,
980 1461 1022 1508 ex
1050 1457 1114 1528 qua
1138 1435 1308 1506 exhaustus
1331 1433 1378 1508 -iit
1410 1433 1508 1516 hdr,
1540 1427 1773 1522 claudeturque
1799 1433 1911 1508 Phiala
1935 1439 2056 1530 pistillo
2080 1449 2124 1518 vi·

597 1559 690 1628 creo,
714 1539 836 1614 nullam
862 1535 1001 1610 successu
1027 1537 1184 1626 temporis
1205 1532 1370 1608 ¹contrahit
1394 1530 1596 1623 rubiginem:
1623 1526 1699 1598 ideo
1726 1533 1827 1622 Aqua
1852 1556 1916 1624 qua
1941 1539 2039 1628 Aqua
2059 1565 2124 1616 noa

595 1641 642 1708 est
671 1635 763 1708 caula
788 1635 991 1728 Rubiginis:
1029 1654 1173 1723 cumque
1204 1654 1242 1702 ea
1273 1653 1336 1710 nec
1369 1631 1406 1704 stt
1437 1628 1534 1704 aar:
1576 1625 1679 1717 liquet
1710 1627 1818 1706 Salem
1841 1651 1925 1706 ,cum
1955 1634 2057 1730 Aqua
2090 1635 2125 1714 dc

588 1735 685 1824 Adra
709 1732 824 1816 hmul,
850 1733 883 1800 in
909 1729 1013 1801 Ferro
1038 1732 1220 1826 rubiginem
1238 1731 1394 1814 excitue.
1567 1797 1575 1810 ,
2159 1749 2163 1774 ·

638 1829 673 1902 Si
696 1821 801 1900 Ferro
825 1825 958 1898 admista
984 1829 1021 1899 lit
1048 1827 1200 1914 Plarina,
1226 1830 1312 1900 lente
1338 1831 1441 1900 oritur
1467 1827 1608 1926 Rubigo
1634 1825 1716 1924 (a)
1954 1891 1956 1898 ,
2099 1899 2103 1906 ,

641 1925 788 2018 Chalybs
812 1929 919 1998 minus
944 1926 1093 2002 exeditur
1117 1949 1136 1996 a
1170 1925 1338 2022 Rubigine
1354 1929 1563 2020 ‚precipue
1597 1927 1621 1998 li
1653 1924 1761 2018 polita
1792 1926 1889 2000 fuerit
1919 1927 2122 2020 superficiei,

593 2024 688 2102 ualde
711 2025 900 2111 induratus,
924 2045 981 2098 aut
1006 2045 1201 2116 temperatus
1226 2025 1261 2094 in
1285 2023 1433 2096 colorem
1458 2023 1652 2124 ceraticum:
1681 2023 1825 2115 Chalybi
1843 2025 1930 2096 enirn
1955 2025 2029 2118 plus
2045 2027 2124 2102 Olei

592 2123 674 2195 inest
698 2145 795 2216 quam
817 2121 921 2194 ferro:
947 2121 1070 2194 Oleum
1094 2142 1201 2194 autem
1219 2122 1354 2212 repellit
1377 2123 1532 2235 Aquam,
1559 2119 1594 2192 dc
1617 2123 1690 2236 Sall·
1709 2124 1806 2236 adaco
1830 2121 1968 2195 resistit:
1990 2123 2125 2200 Nihilo·

591 2217 1893 2410 mdddddhddndddhndrdssffuecuffssddffq{ded¹311windaaa
1921 2317 2043 2412 antara
2068 2319 2124 2394 ιιι

592 2411 671 2500 dio,
695 2439 715 2491 a
741 2415 889 2510 rubigine
910 2415 1153 2506 vindicamus,
1174 2409 1365 2506 inungendo
1386 2413 1512 2486 Sehum
1538 2413 1720 2506 Capnnis,
1757 2436 1813 2490 aut
1837 2415 1956 2490 anchus
1983 2419 2017 2490 id
2044 2418 2127 2490 obli·

591 2513 703 2592 nendo
734 2530 947 2603 atramento,
987 2509 1049 2582 srvc
1083 2510 1212 2602 ¹uernice
1237 2511 1311 2593 alba
1335 2513 1424 2584 tenui
1449 2509 1679 2598 translucidi,
1713 2513 2034 2604 nitorem‘Chalybis
2058 2537 2124 2588 noa
2272 2544 2273 2576 ι

593 2613 783 2692 minuente,
813 2629 875 2680 nec
906 2605 1056 2678 colorum
1081 2606 1257 2680 claritatem
1283 2626 1448 2693 mutante,
1474 2627 1548 2698 quae
1570 2607 1606 2682 fit
1629 2627 1671 2680 ex
1694 2607 1887 2697 Mastiche,
1914 2611 2124 2704 Camphora,
2273 2618 2274 2654 l

594 2705 822 2790 sandaracha,
857 2701 903 2774 G.
924 2703 1057 2776 Elemni
1083 2707 1115 2776 in
1135 2703 1301 2777 Alcohole
1326 2702 1454 2786 solutis:
1481 2704 1689 2777 Orichalcum
1714 2707 1888 2799 integimus
1908 2712 2039 2780 vetnice
2062 2709 2125 2782 ful·
2275 2762 2276 2792 ι

592 2825 650 2900 ya,
675 2799 844 2892 ex„Gunr.
870 2799 978 2876 Lacca
992 2855 1008 2892 ,
1036 2799 1219 2898 Masticbe,
1252 2801 1400 2874 lichene
1422 2799 1488 2874 dcc.
1514 2803 1624 2876 solutis
1646 2804 1742 2874 etiam
1768 2803 1803 2872 in
1827 2803 2022 2879 Alcohole:
2056 2827 2126 2898 quo
2276 2834 2277 2862 ι

516 2929 522 2938 ·
593 2899 708 2970 colore
731 2901 867 2970 tindium
901 2897 990 2972 flavo
1012 2899 1181 2971 emulatur
1204 2900 1360 2985 Aurum,
1396 2921 1457 2970 nec
1490 2901 1530 2968 ab
1564 2899 1653 2970 Aere
1676 2895 1855 2970 multorum
1880 2921 2042 2971 annorum
2065 2903 2128 2977 de·
2277 2910 2278 2946 r

594 2997 687 3093 qutsu
711 3017 868 3084 nocetur,
889 2998 1081 3093 ceteroquin
1100 2995 1180 3092 ⁴ferri
1201 2998 1386 3092 rubiginem
1407 2994 1585 3086 compescit
1610 2995 1768 3078 donnum
1790 2997 1823 3066 ei
1847 2998 2025 3068 incudum.

642 3091 774 3166 Dubito
797 3093 986 3184 an'Leydaa
1010 3098 1164 3177 Aurum,
1190 3098 1243 3167 cui
1267 3094 1333 3166 AEs
1356 3094 1402 3164 est
1426 3093 1636 3178 admixtum,
1662 3094 1758 3162 etiarn
1781 3113 1850 3163 non
1876 3091 2038 3166 infestetur
2063 3094 2132 3168 suh·

594 3189 652 3268 dio
677 3192 925 3282 purpurascente
952 3191 1143 3294 Rubigine,
1170 3194 1316 3284 quamvis
1338 3194 1497 3280 obryzum
1520 3207 1649 3262 maneat
1672 3189 1840 3259 intaiiunr.

644 3289 831 3360 Mercurius
861 3293 894 3363 in
929 3289 1035 3381 phiala
1060 3285 1174 3360 subere
1202 3287 1307 3359 clausa
1331 3288 1434 3378 spatio
1462 3289 1616 3382 tringinta
1636 3306 1796 3358 annorum
1820 3290 1853 3358 in
1875 3284 2051 3361 Hollandia
2075 3293 2127 3360 ni·

596 3383 797 3481 gresceniem
821 3388 854 3456 in
874 3385 1045 3478 superficie
1069 3385 1231 3460 contrahit
1255 3384 1463 3477 pelliculam,
1490 3407 1565 3474 quae
1583 3383 1655 3476 ejus
1672 3381 1718 3455 est
1743 3380 1897 3480 Rubigo:
1925 3381 2125 3476 Huiusmodi

593 3479 780 3582 pelliculam
804 3505 974 3574 nunquam
992 3486 1212 3573 comperimus
1234 3479 1464 3574 ita-superficie
1492 3481 1682 3572 Mercurii,
1708 3483 1767 3571 qui
1789 3481 1927 3556 inclusus
1948 3482 2062 3574 phiale
2077 3487 2126 3556 vi·

594 3596 670 3648 treae
693 3577 754 3650 fuit
780 3586 856 3650 cuin
883 3579 1002 3671 pistillo
1028 3581 1160 3653 vitreo:
1186 3602 1241 3653 aut
1261 3580 1395 3672 quando
1419 3583 1526 3652 omnis
1548 3582 1620 3651 Aer
1641 3599 1682 3650 ex
1707 3575 1813 3669 phiala
1837 3579 2063 3670 hauriebatur,
2089 3579 2128 3654 dc

592 3676 678 3749 vitro
703 3675 821 3747 deinde
845 3675 1075 3764 claudebatur,
1100 3680 1148 3750 uti
1176 3679 1217 3750 ah
1242 3681 1437 3771 experientia
1464 3698 1511 3771 50
1537 3699 1697 3752 annorum
1727 3673 1836 3748 didici.

597 3769 600 3777 '
645 3771 786 3844 Zincum
813 3775 845 3843 in
869 3773 1035 3865 superficie
1061 3799 1295 3868 nunnunquam
1315 3772 1450 3846 maculis
1474 3773 1562 3846 flavis
1582 3776 1742 3861 inlicitur,
1768 3797 1841 3868 quae
1865 3775 1933 3868 ejus
1957 3775 2030 3850 sunt
2050 3775 2128 3850 Ru·

595 3867 692 3974 bigo:
715 3873 787 3943 imo
811 3869 911 3946 flavus
934 3873 1029 3946 color
1049 3873 1212 3946 interdum
1237 3870 1270 3943 in
1297 3869 1423 3944 cellulis
1447 3874 1590 3948 cernitur
1615 3873 1706 3972 (f).

1914 3988 2132 4068 ,Μ

596 4249 610 4262 ‚
657 4177 696 4250 c)
717 4183 842 4260 voyage
861 4196 896 4240 au
917 4179 1014 4243 Perou
1034 4180 1101 4244 Lir.
1124 4200 1150 4244 ι.
1172 4183 1228 4246 Ch.
1244 4201 1272 4246 a.
1288 4201 1354 4262 pag.
1371 4199 1421 4248 aa.

655 4255 694 4326 h)
715 4261 833 4319 Boriaie
853 4261 976 4321 Natural
995 4261 1117 4339 Hillory
1137 4261 1174 4323 of
1191 4265 1338 4328 Cornwal.
1359 4265 1452 4344 chap.
1470 4270 1505 4330 20¹

601 4353 606 4360 ·
658 4327 695 4404 c)
716 4333 791 4394 Ellis
811 4341 925 4414 voyag.
948 4349 979 4398 to
999 4340 1137 4401 Hudsons
1160 4343 1230 4420 Bay.
1254 4350 1324 4415 289.

639 4409 699 4487 (d)
718 4409 831 4470 L'Hist.
855 4414 892 4473 de
912 4415 1015 4476 l'Acad
1037 4419 1104 4496 Roy
1126 4421 1179 4482 Ao.
1208 4439 1294 4498 17⁴⁰·
1316 4439 1381 4500 pag.
1408 4433 1475 4494 126.
1577 4475 1582 4483 .

662 4488 696 4562 a)
714 4487 820 4551 Philus.
840 4493 990 4556 Transaib
1005 4495 1074 4557 Vol.
1092 4505 1139 4572 48.
1163 4513 1239 4578 part.
1262 4518 1288 4560 2.
1311 4519 1377 4580 pag.
1396 4511 1467 4582 ⁶27·
1516 4491 1521 4502 '

687 4565 816 4647 ΠΜ.
836 4567 874 4632 de
896 4569 1010 4638 l'dcad.
1030 4577 1112 4658 ator.
1133 4577 1189 4646 ao.
1205 4595 1293 4659 1142.
1312 4599 1378 4665 pag.
1395 4597 1463 4660 tou.
