4568 6090
670 987 1568 1172 δοιιηιίιιιιιῑειιιιιιιιι
1625 1027 1993 1171 aurarum.

1018 1361 1084 1457 De
1110 1297 1353 1496 sohaerantia
1377 1359 1425 1451 δι’
1452 1352 1666 1444 firmitate

613 1783 647 1884 ς.
670 1774 797 1870 MXC.
815 1775 1081 1948 Cohaerenria
1110 1789 1308 1848 vocaturae
1332 1791 1511 1866 corpomm
1538 1769 1715 1869 conditio,
1749 1795 1814 1868 qua
1830 1793 1939 1870 partes
1962 1801 2103 1877 compo-

579 1891 583 1900 ·
928 1895 1043 1947 nentes
1063 1869 1369 1964 quomodocunque
1389 1869 1534 1964 partibus
1559 1865 1736 1962 impostae,
1762 1867 1993 1962 staterum,
2022 1877 2058 1952 δι
2084 1874 2106 1954 l

563 1973 763 2078 'quacunque'
781 1965 874 2046 clusa
895 1971 1098 2064 conjuncta,
1124 1967 1268 2061 ruptioni
1293 1989 1349 2040 aut
1366 1965 1538 2041 divulfioni
1558 1965 1727 2054 resiliunt,
1759 1988 1796 2040 ut
1815 1969 1885 2062 pari
1907 1975 1939 2044 ui
1964 1975 2107 2064 resolvi,

565 2079 654 2172 sejun
679 2080 711 2162 ¹,
734 2092 790 2144 aut
815 2070 950 2161 separari
970 2086 1154 2157 nequeant,
1180 2067 1246 2157 qui
1267 2086 1358 2138 erant
1379 2063 1561 2158 imposta,
1583 2085 1641 2136 eut
1666 2063 1742 2140 sole
1761 2071 1885 2142 moveri
1908 2071 2105 2164 potuissent,

567 2170 623 2248 sed
643 2099 689 2246 οἳ
708 2169 955 2242 dissolutionem·
973 2167 1005 2236 vi
1025 2163 1129 2236 multo
1152 2156 1267 2256 majoli
1292 2185 1380 2254 opus
1405 2161 1453 2234 fit.

569 2265 574 2273 ’
615 2269 649 2370 §-
675 2263 817 2366 chl.
843 2258 926 2355 No'n
947 2281 1055 2348 autem
1080 2257 1207 2334 necesse
1235 2259 1311 2345 est,
1336 2281 1374 2334 ut
1397 2280 1530 2354 partes,
1563 2281 1636 2354 qoae
1658 2259 1789 2335 massam
1815 2259 1940 2338 firmam
1967 2288 2105 2362 compo·

567 2387 670 2450 nunt,
696 2369 781 2436 inter
808 2361 843 2450 se
867 2345 1052 2460 quiescant,
1078 2357 1199 2430 etiami
1223 2353 1350 2441 hoc‘fit
1376 2351 1684 2458 frequentissimum:
1709 2364 1906 2458 experientia
1929 2363 2105 2456 aliquando
2256 2389 2257 2420 ι

567 2456 728 2542 'offerente
756 2481 918 2546 corpora,
942 2477 1086 2542 quorum
1112 2453 1220 2556 part'ep
1243 2455 1328 2524 inter
1351 2453 1384 2526 se
1407 2471 1477 2528 non
1499 2477 1613 2549 parum
1640 2459 1829 2555 agitantur,
1863 2459 1933 2533 aliae
1957 2461 2028 2534 aliis
2050 2487 2106 2558 ap·

565 2549 757 2682 ponuntur,
783 2553 1025 2718 qoo'iempore
1048 2547 1259 2642 nihilominus
1284 2547 1415 2625 mall'am
1443 2549 1569 2654 firmam
1589 2551 1719 2628 efficere
1747 2551 1915 2672 pergunt}
1939 2559 2038 2634 veluti
2062 2559 2108 2634 est

568 2651 791 2746 nomnibus,
817 2649 906 2730 iilis,
956 2645 1218 2738 quemnemo
1245 2639 1280 2719 δι
1306 2643 1438 2722 chordis
1464 2649 1585 2737 teufis,
1612 2648 1879 2728 nemenabus&
1904 2653 2108 2733 sonantibus:

569 2755 606 2828 in
632 2750 786 2824 omnibus
809 2741 977 2830 metallis,
1001 2743 1079 2815 dum
1101 2746 1286 2832 cuduntur,¹
1311 2741 1376 2820 scal
1401 2767 1523 2834 untur,
1548 2747 1731 2837 celantur,
1757 2747 1875 2848 figuras
1899 2752 2038 2829 induunt
2062 2753 2111 2828 di·
2257 2825 2258 2830 ,

570 2849 701 2925 ‘versata
733 2846 766 2916 in
790 2842 852 2916 filis
878 2839 1048 2916 metallicis
1069 2844 1134 2935 ‘per
1164 2857 1204 2914 an
1253 2839 1348 2917 llior'a
1376 2770 1536 2918 foramina
1555 2843 1590 2919 io
1611 2849 1772 2918 minorem
1792 2843 1957 2924 crassitiem
1985 2856 2111 2926 trallis:

571 2943 610 3028 lo
641 2943 822 3018 calentibus
850 2943 891 3015 ab
906 3013 909 3020 ,
923 2944 999 3038 igno
1025 2937 1161 3012 met'allis
1250 2937 1489 3040 semimetallls,
1513 2959 1686 3040 antequam
1707 2944 1814 3014 adhuc
1842 2941 1907 3016 susa
1940 2945 2043 3037 sunt',
2076 2953 2115 3023 in

573 3047 660 3126 vitro
682 3045 821 3116 rubente
842 3032 1022 3120 adoindum
1043 3031 1231 3140 glutinosa²
1258 3040 1351 3134 quod
1370 3043 1405 3112 ia
1426 3061 1525 3112 omne
1545 3061 1654 3138 genus
1671 3033 1829 3133 *valonam
1854 3039 2040 3144 formatura,
2070 3067 2116 3120 ac

574 3148 722 3246 anau·
838 3183 842 3192 ·
986 3205 1024 3214 ·-
1091 3185 1095 3192 .
1184 3205 1188 3212 -
1891 3229 1897 3236 .

627 3279 660 3376 q.
693 3273 850 3348 MXCIL
884 3273 976 3348 Cum
1005 3277 1150 3367 parabus
1179 3295 1360 3366 corporum
1374 3324 1377 3334 .
1391 3273 1534 3344 minimis
1566 3287 1675 3364 partes
1696 3267 1862 3362 appositas
1878 3269 2113 3364 conuertere,

580 3373 756 3463 molesque
781 3393 897 3441 omnes
919 3373 1057 3464 majores
1079 3372 1226 3460 efficere,
1252 3375 1329 3464 quia
1355 3370 1387 3441 se
1410 3369 1574 3441 mutuavi
1601 3367 1718 3463 magm
1743 3365 1901 3454 trahunt,
1925 3369 2049 3442 adsenri
2066 3373 2115 3443 su·

579 3491 642 3565 pra
657 3467 690 3566 §-
712 3485 815 3557 1005.
842 3465 993 3560 Quando
1008 3472 1147 3563 partium
1161 3461 1478 3563 componentium&
1492 3470 1694 3562 tangentium
1707 3464 1891 3557 superficies
1904 3465 1976 3540 sunt
1989 3469 2113 3560 planae,

582 3587 641 3640 aut
654 3551 808 3636 acervaiae
824 3566 988 3655 particule
1003 3567 1033 3640 se
1049 3571 1082 3642 io
1098 3568 1207 3642 multis
1223 3569 1336 3639 larisve
1353 3564 1457 3662 plagis
1469 3565 1685 3662 contingunt,
1713 3559 1832 3664 ttadlio
1846 3565 1906 3658 erit
1918 3565 2115 3662 vehemens,

583 3661 623 3736 dt
644 3667 767 3754 absque
786 3683 891 3734 rerum
914 3664 1046 3739 aliamm
1069 3665 1228 3740 concursu
1244 3662 1467 3772 masae'durae
1482 3661 1660 3778 linumque
1673 3646 1912 3778 famulantur.
1949 3651 1984 3737 Si
2007 3684 2114 3736 tutem

584 3759 1592 3958 ιιιιιιιιιιιιιιιιιιιιιιιιιιιι
1609 3756 2117 3930 ειιιὲιιιιιιιιιιιιι

584 3979 709 4050 corpus
740 3957 825 4029 inter
850 3981 957 4050 partes
991 3961 1253 4048 interfundatur,
1289 3959 1381 4051 quod
1410 3955 1594 4047 asperitates
1619 3951 1655 4024 δι
1679 3955 1841 4028 interstitia
1865 3971 2032 4044 utcunque
2060 3958 2119 4026 im·

585 4055 697 4148 pleat,
723 4051 758 4126 dt
780 4061 966 4130 contadium
990 4062 1023 4130 in
1052 4060 1198 4152 pluribus
1225 4058 1436 4130 latioribusve
1455 4051 1559 4148 plagis
1580 4050 1724 4140 efficiat,
1760 4049 1850 4124 causa
1868 4050 2118 4126 vehementioris

588 4154 790 4224 attractionis
813 4149 849 4222 δι
869 4153 1000 4245 majoris
1021 4155 1179 4228 finnitatis
1200 4159 1234 4229 in
1256 4153 1346 4227 mole
1366 4153 1454 4224 erit:
1489 4147 1659 4245 Quamdiu
1688 4149 1769 4223 illud
1797 4171 1918 4242 corpus
1938 4171 2049 4221 manet
2073 4156 2120 4222 in·

456 4293 463 4306 ·
592 4249 769 4335 corissum,
794 4248 950 4342 superstes
973 4253 1033 4324 erit
1058 4253 1204 4326 firmitas:
1230 4255 1264 4324 id
1289 4248 1476 4324 interfusum
1493 4249 1540 4322 est
1563 4248 1659 4322 inllar
1675 4247 1826 4344 glutinis:
1852 4247 2037 4341 hujusmodi
2051 4248 2120 4343 giu·

595 4359 652 4414 ten
676 4345 759 4436 saepe
782 4345 828 4417 est
853 4348 979 4441 Aqua,
1004 4372 1059 4423 aut
1082 4350 1232 4439 Oleum,
1264 4351 1345 4442 Sal,
1375 4368 1432 4420 aut
1453 4345 1749 4436 oleosoaquosum;
1780 4347 1871 4437 quod
1890 4346 1999 4442 jungit
2018 4367 2119 4438 partes

595 4438 839 4530 Metellorum,
873 4446 1194 4537 Semimetallorum,
1227 4471 1268 4522 ex
1289 4451 1329 4520 iis
1349 4449 1437 4518 enim
1463 4443 1597 4536 expulso
1616 4441 1693 4514 oleo
1712 4443 1807 4514 restat
1833 4441 1944 4528 Calx,
1964 4463 2055 4536 qua.²
2077 4441 2121 4514 eli

587 4537 703 4654 pruris
726 4535 871 4616 solutura
896 4543 1020 4623 Oleum
1046 4539 1199 4644 &Aqua
1219 4547 1423 4666 conglutinat
1443 4563 1551 4639 partes
1575 4542 1726 4618 omnium
1750 4539 2022 4642 vegetabilium,
2044 4541 2123 4710 Έ-

586 4857 607 4905 ‘s
