4282 5962
453 124 461 169 l
576 144 579 151 ·
594 161 597 167 .

418 290 519 381 na.
558 284 953 377 corennum
1001 282 1631 377 aarancrronraua
1715 290 1794 400 aia

263 498 297 566 in
320 492 457 563 carnaria
487 487 675 577 seruatum,
708 483 849 575 primum
882 480 1048 567 harescit,
1079 482 1199 555 deinde
1230 483 1380 555 celeriter
1405 487 1584 580 nigrescit,
1620 485 1655 559 ἃ
1686 486 1794 559 amissa

260 588 464 686 politura-nr
487 584 610 675 asperae'
632 578 799 672 exesaeque
822 580 1011 672 superficiei.
1060 579 1155 652 AErie
1175 581 1341 653 metallum
1357 582 1513 653 fincerun
1528 586 1690 657 contrahit
1714 606 1797 658 arru-

260 693 378 787 ginem.
393 682 667 767 viridescentenr,
691 680 797 770 qualis
830 678 881 749 eil·
910 678 1024 750 Viride
1047 677 1152 749 AEris.

311 785 378 858 AEs
402 782 536 854 millum.
562 800 638 850 cum
671 779 795 849 Stanno
820 776 969 872 rubigine
995 776 1196 872 nigrescente
1217 777 1358 851 insicimr
1374 831 1394 866 ‚-
1409 781 1456 851 uti
1479 781 1513 849 in
1534 785 1705 851 tonnentis
1729 780 1800 851 bel·

265 886 338 957 licis
358 884 539 960 cernitur,
563 872 601 947 nt
623 879 657 949 in
680 876 823 968 speculis
841 875 1036 959 metallicis,
1070 897 1144 967 quae
1170 875 1373 969 Telescopiis
1397 875 1627 949 Newtonianis
1652 874 1688 949 δι
1713 874 1802 953 Gre-

266 982 407 1080 gorianis
429 977 642 1051 conveniunt.

313 1074 381 1151 AEs
412 1072 592 1146 contusum*
618 1092 695 1143 curn
716 1072 864 1143 annno·
886 1066 923 1143 ha
948 1069 1074 1144 Platina
1098 1073 1224 1164 prebet
1247 1074 1443 1160 metallum,
1476 1074 1568 1165 quod
1592 1074 1679 1147 bene
1704 1072 1808 1167 poliri·

268 1176 395 1270 potest,
421 1192 484 1244 nec
507 1171 549 1241 ab
576 1170 668 1267 Ajc‘re
693 1168 867 1243 infestatur.

318 1271 532 1343 Orichalcum
564 1266 709 1341 crustam.
725 1268 831 1339 induit
853 1267 1121 1365 nigrescentem,
1135 1274 1281 1363 quamvis
1306 1271 1424 1343 lentius
1447 1267 1533 1340 AErc
1557 1268 1672 1362 solvo,
1697 1273 1745 1343 uti
1770 1271 1806 1343 in

269 1371 379 1444 statuis
399 1370 498 1440 aeneia
522 1387 679 1458 apparet..

318 1466 538 1539 orichalcum.
562 1466 690 1535 mistum
723 1484 801 1535 curn
824 1464 1009 1561 Argento,
1038 1486 1074 1537 ut
1096 1467 1241 1559 praebeat
1272 1466 1412 1563 Argenti
1448 1466 1597 1553 Carprive
1622 1463 1817 1551 ferramen,

268 1565 451 1649 viridescit,
477 1564 529 1635 vel
548 1562 701 1660 nigrescit
722 1584 785 1655 pro
805 1564 890 1635 varia
905 1566 1000 1635 mixti
1013 1564 1143 1651 metalli,
1153 1568 1393 1657 proportione,
1414 1562 1628 1634 Orichalcum
1646 1586 1722 1635 cum
1745 1565 1808 1634 Ar·

272 1684 374 1762 genta
397 1659 439 1733 ἃ.
459 1660 565 1732 Zinco
590 1658 749 1747 mistum,
775 1664 809 1732 in
834 1662 909 1731 aere
932 1662 1094 1756 nigrescit.

232 1782 241 1801 ·
270 1762 363 1931 mesit
386 1756 562 1830 Orichalco
592 1754 721 1849 adjecta
742 1757 841 1831 fuerin
862 1755 1021 1845 Planina,
1054 1759 1232 1831 multorum
1255 1756 1537 1851 mensiumspatio
1558 1758 1600 1829 ab
1625 1756 1717 1831 Asine
1742 1776 1820 1830 nom

318 1879 337 1928 e
364 1877 456 1927 atur..
600 1916 603 1923 .

283 1954 566 2028 .'An·Stannuna·
583 1951 745 2022 fincerurn
764 1953 806 2023 ab
830 1952 930 2025 Aeria
951 1953 1075 2045 injuriis
1100 1954 1268 2028 infestetur
1289 1955 1448 2027 nondum·
1463 1955 1631 2045 comperi·
1811 2036 1815 2045 Ι

317 2053 475 2122 Stannum
497 2046 619 2119 illitum
644 2050 879 2145 incouunque
913 2055 1013 2125 aeneis
1036 2053 1145 2143 vasis,
1177 2052 1324 2146 saporem
1347 2058 1522 2151 gratiorem
1548 2053 1643 2136 facit,
1669 2047 1811 2123 &com-

269 2147 371 2245 pescit
395 2146 547 2239 aeruginis
567 2147 667 2217 virus.
787 2200 791 2209 .
817 2180 846 2199 -·
899 2190 904 2203 ·
1811 2168 1814 2173 ·

324 2244 408 2315 Vasa
433 2244 572 2314 Stannea
597 2242 654 2313 diu
678 2244 827 2318 resistunt
850 2243 972 2335 injuriis
999 2246 1119 2330 Aeris,
1146 2264 1254 2315 tamen
1278 2248 1489 2341 nigrescunt,
1515 2249 1690 2339 aliquando
1715 2246 1822 2327 slave·-

272 2343 386 2425 ffiunta
412 2339 467 2411 sed
491 2340 640 2410 constant
663 2360 705 2408 ex
731 2342 884 2430 Stanno,
910 2341 995 2408 AEre
1019 2342 1133 2426 fulvo,
1160 2340 1356 2421 Orichalco,
1383 2343 1551 2423 consulis,
1576 2364 1814 2434 nonnunquam

275 2442 421 2532 adjectus
446 2439 543 2506 etiarn
566 2436 613 2505 est
639 2435 819 2524 Chalybs,
850 2440 921 2505 turn
946 2433 1185 2517 Bismuthurn,
1220 2452 1289 2503 tum
1316 2432 1467 2528 Regulus
1495 2441 1704 2507 nntirnonii:
1738 2463 1814 2508 cnm

271 2540 344 2610 haee
366 2535 508 2607 admixta
534 2532 623 2605 suam
647 2534 841 2605 contrahant
868 2531 1054 2625 rubiginem
1071 2578 1094 2616 ,
1117 2533 1235 2603 mirum
1260 2550 1328 2601 non
1353 2532 1400 2601 eli
1425 2551 1528 2600 totam
1553 2533 1682 2605 mallem
1709 2556 1750 2605 ex
1776 2538 1816 2607 iis

274 2631 657 2726 compositurnzrubigine
676 2630 817 2717 quadam
847 2624 999 2696 insellari.
1591 2654 1595 2659 ·

308 2730 500 2819 ¹Plumbum
532 2730 567 2795 in
595 2722 714 2817 Belgio
749 2725 792 2793 ab
818 2725 917 2793 a'e'reo
949 2722 1035 2795 Sale·
1048 2725 1185 2795 vertitur
1207 2725 1252 2795 in·
1267 2722 1456 2796 Ceruli'amr
1481 2724 1550 2795 Sub
1575 2727 1669 2797 Zona
1695 2727 1827 2799 torrida.

276 2833 373 2901 trium
398 2826 451 2900 rel
476 2816 616 2914 quatuor
633 2840 794 2891 annorum
810 2820 913 2913 spatio
928 2820 1203 2905 consumitur,·.&
1218 2818 1256 2891 fit
1271 2840 1361 2893 mera
1380 2842 1483 2907 terra,
1504 2822 1692 2895 observante
1710 2823 1819 2897 llom·

279 2928 339 2999 b'er
364 2930 397 2996 io
446 2922 513 3012 a).
553 2970 556 2975 -

325 2948 363 3095 Sg
400 2930 552 3092 alumno.
580 3015 732 3087 admixta
754 3012 858 3086 sueric
883 3012 1047 3101 Blacinac-
1070 3012 1220 3086 celeriter
1258 3013 1451 3109 superficies«
1475 3019 1516 3089 ab
1558 3017 1650 3092 Aire
1690 3018 1821 3091 infern

277 3142 335 3194 tur·
386 3122 405 3190 b
439 3166 449 3185 .

329 3118 470 3289 F(crrt)1m
506 3208 615 3283 cusum
648 3204 684 3279 &
719 3206 839 3281 deinde
870 3207 1017 3280 limatum
1048 3208 1143 3289 sentit
1175 3209 1327 3283 celeriter
1355 3214 1538 3312 rubiginem
1565 3212 1707 3302 flamm,
1732 3214 1828 3305 saepe·

278 3315 412 3405 ueyaoe.
433 3332 498 3382 una
529 3308 627 3379 nocie
640 3355 663 3399 ,.
688 3309 853 3399 precipue
884 3326 957 3377 eam
991 3305 1158 3380 suscitante
1184 3306 1326 3394 Pluvia,
1359 3314 1462 3400 nive,
1495 3312 1682 3409 grandine,
1713 3334 1788 3383 rore
1805 3363 1830 3401 „

280 3415 393 3506 Aquae
422 3410 553 3505 marinae
589 3404 752 3500 guttulis,
783 3408 852 3475 imo
878 3405 980 3495 Aqua
1003 3408 1125 3476 marina
1149 3406 1183 3476 in
1207 3404 1312 3478 fundo
1336 3413 1434 3481 maris
1467 3410 1556 3505 (c).
1589 3431 1656 3482 tum
1682 3412 1831 3497 Accto,.

281 3514 389 3585 bucco
414 3507 576 3578 hueiuum
602 3504 812 3585 horreorum,
837 3500 1012 3571 aliarumve
1037 3500 1224 3573 Plataearum
1248 3506 1473 3594 madentium,
1499 3525 1567 3581 turn
1591 3510 1738 3581 animalis
1762 3530 1832 3580 cu·-

279 3609 462 3702 juscunque
488 3602 616 3671 sudore.
1024 3678 1027 3683 ¹

331 3704 422 3774 Ferri
453 3697 523 3768 fun
545 3716 684 3765 externa·
710 3693 904 3789 superlinea-
924 3693 1036 3785 aspera
1070 3690 1106 3765 δι’
1130 3693 1218 3765 dura·
1237 3696 1523 3773 'minuarceletiter
1547 3703 1731 3797 ruhigInem
1759 3725 1820 3776 tra·

283 3802 362 3887 liit3.
379 3797 500 3871 sublata
524 3794 678 3866 exteriori
702 3794 807 3866 crusia
831 3792 937 3865 multo
962 3794 1056 3864 citius
1083 3813 1180 3885 quarn
1204 3790 1322 3865 serrum
1349 3797 1471 3871 cusum.

331 3898 468 3970 Ferrum
490 3894 637 3984 apprime
662 3890 802 3982 politum
828 3888 872 3962 ἀ.
888 3892 995 3962 nicena
1020 3892 1139 3962 diutius
1165 3891 1304 3987 rubigini
1329 3894 1468 3985 rehstit,
1501 3897 1642 3989 politura
1666 3898 1833 3991 aliquam-¹·

286 3997 342 4071 diu
360 3996 473 4075 ,Salem
500 3989 535 4061 &-
568 3993 694 4079 nquam
721 3988 927 4082 repellente:
954 3988 1096 4061 successu
1119 3992 1275 4080 tempori>¹
1296 4010 1404 4066 tamen
1425 4017 1445 4065 a
1468 3998 1618 4093 rubigine
1643 4001 1823 4090 corrumpi·

287 4116 364 4164 nar:
398 4090 580 4177 inquibus
613 4086 822 4185 Regionibus
857 4088 926 4159 Aet
950 4086 1025 4158 Sale
1057 4108 1231 4185 pregnans
1255 4088 1333 4173 est,
1367 4114 1471 4182 ocyus
1503 4092 1623 4168 ferrurn
1649 4100 1795 4171 exeditur
1811 4119 1833 4166 r·

287 4191 377 4262 ideo
390 4194 425 4261 in
452 4183 660 4280 Carthagcna
685 4186 849 4259 Americae
873 4184 986 4291 clathri
1021 4185 1197 4259 domorum
1229 4209 1271 4261 ex
1294 4188 1387 4287 ligno
1412 4190 1522 4282 fiunt,
1549 4198 1625 4291 qula
1648 4196 1743 4272 senei
1767 4186 1823 4267 c'e·

1760 4293 1833 4367 let·-

326 4469 376 4546 (α’
404 4462 799 4542 1·Hlst.de12Acad.Rny,
824 4465 876 4526 Αο,
895 4466 981 4545 17133
1004 4486 1072 4547 pag·
1096 4486 1157 4545 π’,

327 4552 388 4624 (le)
410 4548 518 4608 Phliof.
540 4545 688 4605 Τῐᾶηίῦἃ.
713 4545 772 4605 vol.
787 4552 835 4617 48.
859 4560 933 4621 part,
951 4548 979 4605 a,
1002 4568 1072 4631 με.
1091 4558 1162 4631 gn..
1309 4620 1313 4627 ι

329 4629 383 4706 (s)
406 4625 505 4691 l'Hist·
524 4622 559 4686 de
582 4621 697 4686 l'Acad·
719 4624 791 4702 Roy,
809 4625 864 4689 Ao.
890 4616 985 4702 ¹742?
1101 4640 1105 4647 ·
1182 4632 1189 4645 ·
1328 4638 1335 4645 .
