4282 5962
302 291 384 383 282
508 265 1626 375 nnnnucru1c1nnru

302 486 409 581 perit,
436 483 469 552 in
492 498 576 570 quos
596 474 696 546 iicuoa
714 463 752 541 &
772 468 884 563 nigros
904 462 1096 535 elefirieitas
1120 462 1333 553 potentissime
1349 491 1524 562 operatur,
1549 474 1675 568 semper
1689 472 1830 555 debilius-

303 587 340 657 in
362 580 445 652 alios
463 576 529 649 hoc
551 570 696 653 ordine,
719 562 843 649 albos,
868 562 1013 643 rubros,
1037 560 1219 632 caeruleose
1254 564 1403 640 colorem
1425 592 1536 643 autem
1564 574 1643 644 nihil
1667 575 1722 647 hic
1746 598 1828 647 eon·

304 679 390 751 ferre
411 674 487 747 inde
512 671 636 760 liquet,
660 663 736 757 quia
762 682 879 733 omnes
902 656 1047 729 lemnisci
1071 656 1160 747 aqui
1183 659 1367 751 madentes,
1391 668 1465 739 ceril
1488 670 1540 742 vel
1564 675 1691 767 gummi
1715 674 1833 760 obliti,

301 794 396 865 aequa
419 773 449 843 ui
473 765 656 837 alliciuntur
687 756 958 869 &repellentem
1017 774 1069 869 uf.
1095 752 1184 826 Tum
1208 758 1302 873 quod
1332 763 1367 833 in
1396 764 1477 839 albis
1499 768 1632 841 nullum
1646 771 1833 845 discrimen

300 857 775 1033 ‘nillilillluli
788 854 1255 1046 lusistislusistis
1268 856 1755 1039 ila-{illusistis
1772 891 1831 992 ²¹³³

300 982 459 1156 {egfertum
480 1056 702 1128 obstrudione
724 1049 893 1123 coloribus
918 1028 1128 1119 tincturarum
1157 1046 1294 1123 iudufii
1309 977 1330 1140 ,J
1354 1073 1397 1127 au
1423 1054 1445 1129 ai
1469 984 1597 1137 divefsi
1619 989 1833 1139 vi'eledffirclg

302 1158 441 1253 ipsarum
462 1156 696 1233 tindlutarum,
718 1147 866 1219 nondum
888 1142 935 1215 est
957 1147 1110 1218 evifium.

349 1272 381 1373 §.
407 1265 745 1367 DCCCLXXXlll.
769 1262 867 1337 Licet
890 1261 1017 1336 effluvia
1031 1261 1337 1339 ldro'e‘leeuiaorum
1357 1272 1428 1360 pari
1453 1275 1669 1366 eopideiroe
1690 1298 1837 1373 corpore

299 1372 421 1447 diversa
448 1368 593 1465 ejusdem
619 1362 850 1461 magnitudinis
870 1358 1186 1447 circumfundantur,
1212 1363 1261 1433 uti
1285 1365 1409 1481 circum
1434 1369 1488 1442 lile
1512 1372 1625 1461 linea,
1649 1374 1760 1465 lunae,
1784 1376 1835 1451 se·

300 1482 710 1653 ffi’dl't‘ifspuille
723 1453 901 1647 silias
913 1452 1117 1643 pTil‘Zld‘}
1136 1456 1837 1662 ‘li'llalsiiltiiilild

300 1686 400 1749 cunt,
424 1661 465 1730 ad
485 1656 717 1750 divergentiam
738 1649 895 1743 cogendo
912 1647 966 1718 iila
984 1647 1102 1738 quibus
1126 1650 1394 1729 circumfunditur
1410 1660 1622 1749 utendas,
1645 1667 1836 1758 majorico·

301 1762 384 1851 pia,
417 1775 515 1847 quam
539 1748 726 1822 naturaliter
750 1742 858 1829 inest,
884 1761 1021 1835 propter
1042 1748 1161 1818 tarium
1176 1769 1356 1840 corpomm
1381 1756 1668 1847 conilimtionem,
1690 1783 1759 1855 qua
1783 1766 1840 1839 vel

301 1855 395 1948 plura
414 1850 567 1935 diluvia,
597 1845 651 1918 vel
671 1840 796 1913 facilius
819 1842 906 1911 circa
931 1835 967 1910 &
989 1858 1076 1911 trans
1100 1863 1245 1935 corpora
1274 1849 1433 1922 nonnulla
1457 1850 1592 1926 sinunt:
1625 1860 1751 1949 quippe
1775 1882 1836 1935 ex·

301 1952 475 2024 eremitates
496 1944 543 2017 fili
566 1943 644 2015 linei
666 1941 769 2033 magis
794 1936 816 2010 d
837 1935 868 2007 se
890 1934 1026 2027 repulsae
1044 1939 1269 2030 recesserunt,
1294 1966 1395 2037 quam
1418 1948 1467 2019 lili
1491 1956 1651 2038 cotonei3
1679 1951 1716 2025 δι
1740 1957 1841 2050 huius

301 2035 851 2214 ‘lenissimi-suilla
866 2035 1179 2204 ifillmrlilm
1198 2039 1273 2208 ιῖῗὲ,
1288 2040 1399 2212 lli
1412 2046 1539 2215 uffi‘ll}
1571 2049 1842 2218 ⁰¹⁰⁶⁰rf²i³¹³⁰⁸

300 2167 385 2314 selam
417 2240 452 2309 in
488 2238 563 2329 pice
584 2230 796 2327 perfundatur
834 2227 1068 2305 eleunciute.
1103 2158 1202 2324 at’quqe
1229 2234 1304 2306 duae
1338 2164 1482 2330 aequalges¹
1503 2168 1699 2315 asseffiemex
1726 2170 1842 2321 effi

301 2336 398 2411 saue
415 2339 544 2427 capiant
564 2331 741 2427 resegmina
762 2325 981 2407 bradearum,
1008 2327 1137 2397 tabellae
1162 2351 1183 2397 e
1206 2330 1270 2400 filis
1288 2335 1467 2422 aequalibus
1483 2342 1647 2428 pendeant
1663 2341 1705 2413 ad
1725 2366 1839 2435 parem

302 2434 480 2507 distantiam
504 2431 545 2502 ab
567 2448 709 2517 utroque
730 2423 870 2495 hominis
892 2421 1022 2503 latere,
1053 2420 1108 2493 sed
1127 2422 1259 2496 alteriue
1282 2427 1411 2503 tabellae
1440 2431 1495 2504 fila
1519 2436 1640 2511 baculo
1663 2440 1837 2516 adnedian-

303 2550 378 2617 tur,
412 2528 543 2599 alterius
567 2524 620 2592 srla
640 2542 661 2591 ι
685 2516 828 2589 secundo
851 2515 987 2587 homine
1015 2514 1278 2608 suspendantur,
1310 2522 1414 2597 homo
1445 2528 1620 2605 destrictae
1645 2536 1775 2609 brachia
1800 2536 1840 2612 ὰ

302 2647 417 2701 manus
446 2623 610 2710 utrimque
646 2613 768 2687 exserat
799 2613 910 2687 ambas
939 2610 1048 2685 versus
1078 2612 1244 2700 rubellas,
1276 2618 1320 2688 ad
1351 2641 1464 2709 parem
1495 2628 1542 2697 ab·
1568 2632 1609 2700 iis
1634 2632 1839 2723 distantum,

304 2723 409 2796 multo
430 2716 655 2791 vehementius
669 2711 875 2809 agitabuntur
891 2709 1117 2805 resegrninain
1140 2710 1274 2800 tubelle,
1299 2734 1375 2807 quae
1399 2716 1599 2811 suspenditur
1622 2729 1664 2796 ab
1682 2727 1844 2819 homine,

304 2839 402 2913 quam
423 2837 498 2909 que
522 2810 697 2887 ibaculo.
744 2806 799 2879 Ex
818 2805 870 2877 his
892 2805 1124 2898 experimentis
1143 2806 1321 2895 discitum,
1355 2812 1378 2883 li
1404 2819 1601 2913 contingat,
1639 2842 1676 2895 ut
1699 2826 1841 2917 aliquo&

304 2938 428 3009 corpus
453 2908 677 2989 vehementius
700 2904 819 2978 alliciat
835 2903 958 2990 altero,
983 2923 1054 2975 turn
1076 2924 1145 2977 non
1172 2904 1326 2981 concludi
1349 2909 1470 3003 polle,
1494 2918 1583 3004 prius
1606 2918 1721 3008 majori
1745 2924 1835 2997 elec.

304 3017 441 3087 tricitate
465 3006 637 3103 perfundi,
662 3003 717 3076 sed
739 3001 837 3073 talem
865 3000 1000 3072 exiliere
1025 3000 1281 3093 conditionem,
1312 3025 1354 3079 ut,
1379 3008 1495 3083 melius
1518 3008 1683 3089 frciliuste
1705 3016 1838 3093 eluditi-

303 3115 385 3185 citas
402 3130 448 3182 ex
464 3129 534 3181 uno
559 3102 708 3187 effluere,
732 3095 769 3171 δι
799 3097 840 3173 ad
861 3098 895 3169 id
923 3096 1053 3169 affluere
1075 3102 1242 3188 potueris,
1263 3122 1362 3191 quam
1386 3104 1431 3177 ad
1450 3104 1606 3181 altemm.

352 3208 516 3280 Praeterea
538 3203 689 3275 discimus
710 3218 753 3268 ex
771 3193 973 3291 fugientibus
998 3193 1130 3269 filorum
1153 3197 1374 3288 pendulomm
1399 3206 1580 3299 exnemia,
1603 3206 1844 3300 unnosplrerm

307 3302 480 3377 elef'tricas
503 3296 750 3370 circumambire
774 3291 858 3379 fila,
883 3287 919 3362 δι
940 3292 1083 3384 primum
1109 3293 1245 3366 derivari
1270 3316 1291 3363 a
1316 3297 1553 3384 substituo,
1585 3303 1710 3377 deinde·
1723 3308 1758 3377 iu
1783 3328 1840 3383 tu

307 3405 388 3475 bum
410 3398 550 3470 ferreum
576 3415 617 3467 ex
639 3413 708 3485 quo
732 3389 990 3483 suspenduntur,
1013 3411 1077 3461 nec
1101 3388 1286 3481 permisceri
1310 3392 1395 3467 inter
1418 3393 1460 3465 se.
1510 3396 1546 3468 si
1566 3419 1675 3472 autem
1699 3421 1769 3474 turn
1785 3424 1839 3477 tu-

307 3500 371 3573 bus
396 3496 545 3580 vitreus,
568 3492 678 3565 attritu
700 3484 1018 3575 valnensium,
1050 3486 1096 3559 ud'
1115 3484 1251 3579 aliquod
1273 3488 1478 3565 intervallum
1502 3493 1559 3567 sub
1582 3494 1646 3570 filis
1670 3519 1845 3595 teneatur„

308 3591 505 3670 elediricitas
524 3591 594 3665 tubi
617 3586 746 3683 repellit
766 3582 1013 3663 eleflricitatem
1040 3582 1202 3671 filorum,
1232 3604 1269 3656 ιιι
1299 3588 1417 3669 iterum
1449 3590 1547 3665 vadat
1568 3594 1610 3667 ud
1636 3597 1750 3669 tubum
1773 3594 1842 3675 fef.

307 3710 429 3781 reum,
455 3710 523 3763 tum
547 3689 601 3762 fila
625 3684 774 3783 pondere
797 3685 838 3759 ad
862 3684 894 3757 se
918 3683 1101 3768 labuntur,
1125 3680 1179 3754 vel
1200 3680 1286 3755 liunt
1308 3686 1491 3781 paralleli,
1517 3689 1569 3762 vel
1590 3714 1704 3785 parum
1731 3696 1844 3773 diver.

308 3812 421 3892 gunt,
453 3786 561 3862 saltem
582 3785 689 3861 multo
710 3789 819 3859 minus
840 3804 939 3877 quam
966 3802 1066 3854 ante:
1100 3778 1255 3853 Remoto
1282 3782 1365 3855 tubo
1389 3782 1442 3857 fila
1467 3788 1586 3859 iterum
1606 3789 1775 3885 dirergetrt
1800 3816 1837 3877 ut
1931 3798 1934 3803 '

310 3911 407 3978 ante,
433 3908 568 3982 propter
589 3884 774 3960 affluentem
796 3903 839 3953 ex
860 3882 942 3953 tubo
963 3878 1071 3950 ferreo
1091 3874 1358 3959 elediricitatem:
1383 3880 1491 3952 Simili
1510 3883 1617 3953 modo-
1635 3886 1769 3977 quando
1794 3892 1844 3967 a&

311 4008 492 4061 extremum
519 3986 595 4059 ferri
621 3986 716 4057 tubus
739 3984 859 4054 vitreus
881 3972 1056 4049 elefiricus
1079 3977 1237 4067 ponitur,
1267 3970 1324 4047 filu
1353 3974 1496 4071 pendula
1523 3978 1730 4077 divergunt,
1759 4007 1843 4079 quae

313 4106 442 4158 remoto
472 4084 553 4155 mbo
582 4084 687 4153 vitreo
711 4075 916 4162 concidunt;
948 4069 1161 4148 elei’tricitate
1189 4070 1321 4145 filorum
1353 4092 1423 4147 turn
1451 4074 1495 4147 ad
1518 4074 1666 4163 fernim,
1699 4103 1741 4155 ex
1766 4107 1843 4176 qua

312 4184 481 4274 pendent,
506 4180 683 4263 redeunte,
708 4177 824 4269 partim
847 4173 1036 4251 vanescente
1060 4174 1094 4244 iu
1115 4192 1228 4256 auras,
1252 4188 1329 4241 narn
1351 4190 1512 4265 perpetuo
1536 4196 1578 4247 ex
1602 4174 1664 4247 filis
1680 4179 1841 4255 iuairem

313 4276 474 4349 effluebat.
525 4278 580 4349 Ex
608 4275 695 4347 hisce
719 4273 947 4365 experimentis
978 4270 1151 4343 didicimus
1172 4266 1283 4367 Leges
1311 4266 1369 4343 has
1392 4271 1560 4369 generales
1589 4271 1837 4352 Elestricitatis.

321 4384 368 4449 ι’.
403 4373 554 4467 Quando
587 4373 657 4444 duo
680 4390 823 4462 corpora
849 4371 918 4463 pari
949 4370 1047 4461 copia
1077 4364 1298 4443 astundam
1326 4362 1401 4439 sunt
1420 4366 1574 4465 perusa,
1605 4368 1638 4443 se
1660 4374 1840 4463 repellunt.

317 4492 374 4573 ²⁴}
392 4468 544 4575 Quando.
564 4470 636 4543 due
654 4486 796 4561 terpora
818 4469 891 4561 pari
909 4466 1009 4564 eopia
1033 4463 1252 4542 deciticltatis
1269 4464 1460 4559 amm,
1485 4470 1582 4543 etiam
1607 4464 1640 4541 se
1661 4470 1842 4663 repgffiuwe.
