4282 5962
349 240 355 255 ’
408 314 501 407 nn
537 274 1623 413 conroauatnrr'nncrtontaus.
1705 340 1786 427 371

260 518 299 595 dt
320 515 404 589 insta
424 513 542 598 tubos,
566 513 632 582 vim
653 507 750 579 Astis
769 503 932 577 efficacius
955 500 1143 576 sentiente:
1179 514 1228 581 1.⁰.
1254 504 1346 581 Cum
1376 508 1445 578 tubi
1469 510 1530 583 srnt
1552 512 1653 587 Airis
1669 510 1788 603 pleni,

261 617 399 712 ejusque
429 614 517 683 exitu
547 608 689 699 superius
708 622 832 718 negato
851 652 863 689 ,
892 602 943 716 uti
963 602 997 672 in
1020 602 1105 673 tubis
1129 599 1276 697 suprema
1299 624 1390 697 parte
1410 604 1550 692 clausa,
1575 611 1654 683 nihil
1679 609 1788 700 liquo·

261 698 1610 894 tattaeus·aaaaautinterr-‘anania“rte
1625 729 1790 894 rans

264 910 388 1003 aperti,
412 902 492 975 nihil
515 902 654 995 liquoris
673 899 860 991 abripiunt,
884 898 916 967 vi
936 892 1116 969 attrahente
1146 916 1216 971 tum
1239 902 1275 975 in
1307 895 1418 969 sordes
1443 902 1487 973 ab
1511 902 1601 973 Adra
1629 901 1793 992 apposrtas

264 1022 441 1097 operante,
466 1001 544 1072 licet
575 1000 664 1069 enim
684 997 806 1067 Airem
828 996 998 1085 antiquom
1019 992 1201 1080 afflaveris,
1232 1017 1301 1069 non
1325 1014 1434 1069 tamen
1456 996 1589 1095 allutgit
1617 1002 1652 1075 ln
1674 1020 1792 1079 cavum

263 1107 427 1179 internum
448 1100 579 1191 liquor,
603 1096 661 1168 nili
683 1098 782 1186 Aqua
803 1092 856 1165 vel
873 1092 1012 1185 Spiritus
1035 1090 1113 1171 Vini
1137 1092 1312 1187 aliquoties
1334 1098 1424 1188 prius
1447 1094 1643 1188 perduxerit
1666 1092 1703 1171 dt
1724 1094 1781 1168 -sot

265 1200 364 1273 dibus
387 1198 499 1269 laxans
521 1194 703 1293 purgaverit
727 1194 837 1265 tubos.
1635 1238 1639 1245 -
1772 1232 1789 1261 ·.

321 1316 373 1388 30.
397 1294 464 1367 Sed
486 1295 585 1367 etiam
609 1295 644 1366 in
664 1311 769 1364 vacuo
794 1290 965 1380 lioyleano
988 1289 1032 1362 ad
1055 1290 1196 1363 eandem
1219 1289 1423 1365 altitudinem
1444 1291 1550 1366 liuida
1574 1295 1673 1367 tubos
1698 1312 1797 1383 quam
1827 1328 1907 1390 ffi-

268 1400 304 1469 in
327 1396 416 1467 A'e're
437 1392 592 1465 subeunt:
616 1391 654 1463 lit
673 1408 764 1461 anea
785 1387 904 1461 tabella
926 1388 1031 1475 AB,
1054 1391 1110 1461 cui
1132 1388 1243 1461 charta
1268 1391 1465 1487 agglutinata
1488 1394 1522 1464 in
1553 1410 1667 1463 mnues
1689 1390 1785 1463 dislin
1809 1406 1919 1471 xxvt.

269 1492 328 1568 &a
347 1492 546 1565 divisiones:
578 1486 704 1561 tabella
727 1486 847 1559 &herti
869 1486 930 1558 lint
962 1486 1068 1587 tubuli
1089 1484 1202 1571 CD,
1234 1486 1306 1561 EF
1332 1491 1495 1581 utrimque
1517 1494 1650 1584 aperti,
1685 1487 1914 1564 abaritiis-⁹·

265 1589 417 1683 suspensa
432 1609 473 1660 ex
496 1588 556 1659 silo
570 1585 646 1673 lK,
672 1584 765 1679 quod
788 1584 1075 1677 transrtcapsulanr
1097 1596 1174 1657 'cum
1192 1588 1291 1657 coriis
1309 1584 1366 1668 G,
1389 1589 1501 1657 adrem
1516 1589 1719 1671 arcentibus,
1744 1610 1806 1679 po·

268 1688 329 1771 rest
352 1686 455 1759 attolli
473 1683 510 1757 dt
531 1685 651 1761 dimini
683 1686 719 1755 in
744 1687 885 1759 ,vitream
908 1702 1099 1773 campanam
1121 1704 1187 1774 pro
1207 1680 1342 1755 labitur
1375 1682 1416 1769 fit
1445 1682 1512 1775 ianr
1543 1706 1628 1775 aqua
1661 1686 1809 1756 colorata

265 1788 445 1881 aerugine,
479 1802 554 1875 qua
577 1784 669 1874 prius
694 1780 822 1871 aliquot
853 1778 944 1855 horis
972 1778 1035 1853 suit
1066 1782 1102 1853 in
1125 1779 1199 1851 vase
1221 1801 1328 1853 vacuo
1354 1779 1474 1865 Adsis,
1499 1794 1537 1853 at
1560 1782 1641 1855 nihil
1665 1784 1749 1855 reris
1773 1783 1811 1853 in

264 1882 369 1973 Aqua
391 1878 430 1951 sit
452 1878 630 1969 supersiest
656 1878 718 1951 hac
741 1892 833 1971 aqua.
851 1879 1026 1969 impleatur
1045 1901 1103 1951 vas
1124 1874 1229 1963 DF,
1259 1896 1387 1972 tegatur
1410 1880 1589 1969 recipiente
1614 1878 1651 1951 dt
1675 1900 1812 1971 appara·

267 1998 310 2051 tu
334 1978 388 2048 hic
402 1973 561 2066 depidto,
582 1975 789 2049 exhauriatur
806 1976 880 2047 dir
895 1995 1054 2067 quantum
1077 1974 1207 2067 potest,
1231 1975 1309 2048 dein
1332 1974 1485 2063 deprellis
1511 1978 1599 2049 tubis
1624 1974 1813 2061 CD,EF,

274 2072 405 2167 assurgit
419 2071 517 2163 Aqua
530 2069 573 2140 ad
594 2070 737 2162 aliquam
760 2072 985 2159 altitudinem,
1010 2096 1085 2166 quae
1100 2095 1259 2145 accurate
1285 2074 1319 2145 in
1344 2072 1462 2145 tabella
1484 2074 1586 2147 videri
1611 2076 1738 2168 potest;
1757 2071 1816 2143 ad·

275 2168 371 2244 millo
386 2170 474 2239 dire
491 2172 526 2239 in
549 2170 731 2260 recipiens,
756 2190 820 2243 occ
836 2170 1019 2255 adscendit,
1040 2192 1103 2241 nec
1127 2170 1294 2243 descendit
1310 2172 1429 2261 Aqua3
1453 2182 1567 2251 verum
1581 2174 1607 2257 ‚n
1625 2176 1733 2244 omnis
1746 2170 1817 2241 nee

277 2268 399 2341 summa
422 2286 501 2337 eura
524 2286 566 2349 err
587 2266 688 2357 Aqua
712 2268 803 2357 prius
827 2265 950 2337 sublata
973 2288 1043 2337 non
1066 2264 1160 2351 suit,
1195 2287 1265 2338 tum
1291 2270 1326 2337 in
1351 2268 1470 2354 rubos,
1495 2274 1553 2359 qui
1578 2275 1612 2343 in
1637 2292 1742 2342 vacuo
1767 2288 1818 2337 ra·

271 2366 420 2457 cipientp
435 2362 596 2449 ,deorsum
621 2362 827 2452 pellebantur
851 2365 887 2429 in
910 2364 1071 2447 Aquam,
1095 2362 1275 2451 ingreditur
1291 2366 1399 2453 ,Aqua
1422 2384 1539 2452 parum
1564 2367 1648 2437 ultra
1671 2370 1819 2457 priorem

271 2460 512 2549 altitudinem,
538 2454 575 2529 dt
595 2454 766 2537 readmillo
792 2456 881 2527 Aine
905 2455 941 2527 iu
965 2456 1153 2545 recipiens,
1177 2472 1261 2544 aqua
1285 2460 1321 2531 ln
1345 2459 1432 2525 tubis
1455 2458 1650 2543 descendit:
1676 2462 1722 2529 est
1748 2478 1820 2529 tota
1871 2542 1874 2547 ¹

272 2552 350 2633 'hec
374 2554 557 2629 differentia
580 2552 758 2625 admodum
781 2554 920 2645 exigua,
946 2553 1000 2623 virt
1025 2552 1161 2641 equalis
1184 2548 1225 2653 ᾖ,
1256 2550 1412 2641 pollicisr
1446 2551 1500 2623 sed
1525 2572 1635 2633 tamen
1658 2555 1822 2627 observari

279 2655 387 2751 potest
412 2649 448 2721 dt
466 2652 601 2734 ¹oritur,
634 2651 712 2739 quia
745 2644 886 2717 fluidum
918 2644 1085 2717 elasticam
1114 2649 1150 2717 in
1183 2652 1287 2737 Aqua
1318 2646 1510 2720 delitescens
1534 2670 1613 2721 curn
1639 2651 1821 2745 ingreditur

275 2753 430 2827 eubulum
453 2766 614 2829 vacutnn,
638 2748 696 2835 qui
711 2742 842 2833 Aquam
855 2736 1048 2833 abripit‚&
1073 2760 1224 2833 pattena
1248 2746 1394 2834 partibus
1418 2764 1593 2829 removet,
1614 2742 1647 2817 se
1671 2748 1821 2837 aliquan·

279 2872 351 2925 tum
370 2842 547 2939 expandit,
572 2838 608 2913 dt
629 2844 673 2911 ira
686 2839 892 2911 altitudinem
911 2857 1026 2935 augett
1051 2840 1140 2911 Adre
1154 2844 1283 2919 veroin
1296 2842 1460 2931 recipiens
1483 2840 1646 2931 admisso,
1677 2846 1823 2935 compri-

275 2951 379 3039 mitur
400 2946 520 3014 iterum
539 2939 574 3011 id
599 2936 741 3013 fluidum
760 2934 953 3027 alaniam,
975 2934 1078 3027 fitque
1101 2937 1146 3007 ita
1163 2938 1303 3031 exiguus
1319 2938 1434 3028 ¹Aqua
1453 2938 1624 3025 descensus
1639 2966 1649 3012 t
1662 2944 1713 3021 ‚in
1736 2940 1821 3013 locis

274 3043 388 3209 ,flrridti1
411 3056 527 3131 parum
559 3034 689 3111 sectetis
710 3030 905 3113 subsanna
929 3034 1190 3137 interceptarum
1211 3032 1415 3127 bullularutn.
1432 3035 1603 3117 manifesto
1627 3036 1822 3125 hoc,videri
1855 3108 1859 3125 ,
1932 3030 1939 3042 ’

306 3162 361 3213 ote
390 3189 400 3209 .
491 3164 494 3169 ·
1585 3176 1590 3187 ·
1634 3210 1639 3221 ,
1801 3206 1807 3217 .

280 3165 304 3299 ,p
333 3234 556 3331 4?.·Proeterea,
570 3228 711 3323 pressum
725 3228 898 3322 Aitiann
911 3226 1820 3325 effemusamadscendentlurnliquorumpatet„quiali

280 3336 389 3421 ¹tubuli
413 3334 506 3425 variis
531 3330 744 3409 immituntur
768 3324 910 3413 fluidis,
942 3328 1062 3419 quibus
1094 3326 1249 3401 differunt
1280 3332 1452 3425 gravitates
1482 3330 1675 3422 specificae,
1708 3330 1820 3409 aldtu-

283 3435 405 3518 dincs,
443 3429 486 3501 ad
508 3451 588 3521 quas
621 3424 726 3514 fluida
755 3424 979 3509 adscendunt,
1012 3448 1091 3503 non.
1112 3426 1250 3509 suntin
1280 3429 1406 3509 radone
1437 3427 1563 3507 inversa
1597 3430 1818 3525 gravitatum,

277 3528 560 3627 quemadmodum
584 3542 604 3595 a
623 3520 766 3613 pressura
790 3524 891 3593 Aeris
914 3520 1131 3599 fierinecesse
1150 3522 1247 3595 esset:
1273 3524 1328 3595 sed
1351 3542 1476 3601 tantum
1501 3528 1647 3617 pendent
1668 3550 1686 3598 a
1713 3528 1744 3598 vi
1770 3543 1819 3596 at·

282 3630 430 3698 trahente
454 3618 758 3704 ran-fluidorum,
789 3633 890 3708 ‘luam
910 3619 1085 3699 senodum:
1100 3618 1221 3721 diversi
1230 3656 1250 3703 ·,
1273 3640 1350 3709 ,ope
1378 3625 1586 3711 experientiae
1608 3622 1818 3709 solummodo

284 3722 480 3815 detegenda.
505 3717 595 3789 Nam
608 3720 642 3787 in
657 3716 805 3811 rlnglicis
819 3715 900 3785 meis
910 3714 1014 3801 tubis,
1039 3708 1158 3807 qulbus
1174 3737 1262 3788 anno
1284 3736 1389 3809 ¹720·
1405 3717 1479 3789 usus
1494 3718 1561 3803 sui,
1575 3714 1720 3793 altissime
1730 3720 1815 3792 subi-

281 3823 328 3893 vit
351 3818 455 3889 Urina
475 3815 636 3900 humana,
661 3811 857 3904 &Spiritus
881 3810 964 3897 Salis
977 3813 1366 3905 ·Ammoniaei·,··semper
1381 3816 1424 3887 ad
1438 3818 1816 3890 nrinoremaltituthnem

282 3917 447 4009 sequentia
463 3912 587 4003 fluida,
613 3908 737 3982 Oleum
753 3906 904 3995 Vitrioli,
929 3906 1202 3987 oleonframn
1221 3910 1513 4005 par-deliquium,-
1534 3912 1814 4007 nqor,501eurn

282 4014 471 4105 Raparum,
496 4010 634 4101 Spiritus
653 4006 744 4079 Nitri
767 4002 947 4092 Glauberi,
973 4007 1096 4103 Oleum
1118 4006 1385 4095 Terebinthinae,
1410 4011 1560 4084 Alcohol
1586 4012 1686 4102 Vini,
1712 4011 1814 4104 Spiri-

280 4133 335 4183 tus
351 4109 429 4180 Vini
442 4106 638 4179 AEthereusr
665 4102 851 4176 Mercurius
876 4126 943 4177 non
968 4104 1155 4191 adscendit,
1180 4103 1236 4177 sed
1262 4107 1438 4199 deprelsror
1461 4110 1507 4182 est
1529 4114 1562 4183 in
1584 4114 1685 4199 tubo,
1710 4130 1811 4202 quam

210 4210 226 4229 *
280 4211 316 4282 in
337 4202 465 4295 reliquo
479 4204 628 4295 ampliori
648 4202 734 4275 vase:
760 4200 897 4291 suntque
920 4206 1060 4293 partium
1083 4206 1225 4275 inanium
1241 4206 1275 4275 in
1304 4204 1385 4275 tubo
1408 4207 1593 4281 altitudines
1612 4208 1694 4283 infra
1717 4206 1815 4282 Mer·

279 4308 364 4378 curii
385 4302 527 4373 libellam
551 4299 688 4382 invase,
712 4302 747 4371 in
769 4300 896 4369 ratione
919 4300 1041 4371 inversa
1061 4299 1312 4375 diametrorum:
1336 4302 1425 4375 idem
1441 4307 1551 4379 locum
1572 4307 1691 4381 habere
1706 4311 1741 4381 in
1757 4328 1807 4378 tu·

280 4406 333 4477 bir
350 4402 480 4483 vitreis,
505 4398 562 4489 qui
578 4396 715 4488 plumbo
740 4393 915 4487 liquefacto
938 4398 1172 4487 immittuntur,
1196 4399 1374 4479 observavit
1389 4400 1555 4483 Gellertus
1580 4406 1672 4507 (a).
1722 4404 1808 4476 Sunt

1722 4518 1809 4591 ‘lima

315 4598 379 4685 (a)
398 4598 568 4663 commeat.
587 4590 740 4673 l'etropol.
758 4592 829 4684 vol
848 4593 913 4663 nu.
928 4610 996 4676 pag.
1016 4603 1131 4772 ΜΛ

1141 4714 1183 4769 aa
1208 4716 1231 4773 Ξ
