4538 6072
497 355 992 448 assentio
1049 357 1373 455 vacuo
1669 393 1722 493 ⁶7

179 561 264 635 Dei:
288 579 372 655 ergo
396 553 521 629 neccse
545 554 591 626 eil
615 573 651 626 ut
676 553 832 639 effesim,
858 554 921 626 sve
946 551 1096 627 Mundus
1109 577 1234 630 creatus
1250 557 1347 633 suerit
1357 565 1541 643 Maximus.
1575 573 1640 646 Sed
1659 600 1716 650 ne·
1838 568 1844 580 ’

33 725 36 730 ,
180 662 252 752 quit
276 657 342 730 else
371 654 565 738 Maximus,
589 653 646 726 nisr
678 654 715 724 lit
739 653 904 737 infinitas,
930 647 966 721 &
994 653 1132 743 proinde
1152 656 1324 746 Mundus,
1350 661 1412 736 five
1426 671 1596 761 congeries
1608 678 1715 746 omni-

177 779 237 830 um
266 751 587 827 rerumexiiientium
609 769 732 843 ptaeter
757 749 889 833 Deum,
914 747 1057 822 infinitus
1082 753 1119 822 iit
1141 754 1268 826 necesse
1294 758 1350 830 est.
1400 761 1547 854 Spatium
1565 767 1641 838 hinc
1659 793 1713 840 ca.

181 857 275 946 piens
296 871 451 942 corpora,
481 845 517 920 dt
540 871 616 920 cum
633 851 671 920 iis
687 849 846 922 mundum
868 845 1031 932 efficiens,
1057 847 1223 923 Infinitum
1240 856 1317 925 erit:
1343 878 1406 928 nec
1428 881 1609 957 repugnat,
1633 870 1713 955 quin

180 970 332 1022 numerus
357 951 506 1017 omnium
528 967 707 1038 corporum
725 948 759 1016 in
784 944 897 1036 spatio
921 943 1099 1036 politorum
1115 950 1253 1022 excedat
1267 974 1400 1026 omnem
1426 979 1596 1031 numerum
1622 983 1715 1034 men·

181 1067 213 1118 te
235 1045 341 1120 nostra
363 1044 593 1139 cogitandum:
620 1043 696 1119 licet
717 1061 920 1134 nequaquam
942 1040 1136 1116 affirmemus
1155 1047 1218 1116 ulla
1233 1070 1373 1141 corpora
1387 1053 1450 1124 else
1466 1057 1612 1144 infinita,
1636 1081 1714 1132 curn

179 1142 352 1234 quodlibet
373 1140 513 1212 seorsum
535 1140 572 1210 stt
598 1139 753 1222 linitum,
780 1133 815 1208 &
838 1137 1087 1228 multiplicatum
1111 1145 1144 1212 in
1168 1145 1360 1235 quemlibet
1375 1171 1544 1224 numerum
1557 1156 1717 1230 exhibeat

180 1241 307 1332 semper
329 1237 526 1330 produdlum
546 1236 683 1308 finitum.
723 1236 778 1306 An
798 1231 893 1304 Deus
915 1257 983 1305 non
1006 1240 1127 1309 creavit
1144 1242 1272 1346 animas
1297 1243 1480 1319 humanas?
1511 1253 1566 1322 An
1586 1255 1621 1322 in
1646 1257 1716 1324 ani-

177 1339 294 1408 mabus
316 1333 404 1406 nulla
415 1335 496 1406 inest
512 1337 692 1427 proprietas
712 1331 861 1404 infinita?
887 1329 980 1402 lirme
1002 1333 1081 1403 mihi
1105 1336 1285 1426 persuadeo
1310 1361 1364 1412 eas
1389 1343 1452 1414 elle
1471 1368 1625 1434 eremas,
1651 1351 1715 1422 five

179 1437 347 1508 duraturas
365 1431 518 1516 infinite,
544 1451 710 1522 nunquam
735 1448 843 1500 autem
863 1427 1058 1502 destrustum
1073 1433 1110 1502 iti
1125 1437 1158 1504 in
1172 1435 1329 1506 nihilum:
1354 1440 1388 1510 id
1396 1461 1438 1512 ex
1456 1443 1608 1535 Antiquis
1622 1447 1716 1520 multi

155 1543 383 1628 'agnoverunt
405 1527 614 1622 Philosophi,
639 1529 859 1620 probaverunt
873 1526 1023 1597 nonnulli
1046 1525 1227 1619 Hodierni,
1252 1530 1305 1604 sed
1329 1535 1505 1627 plenissime
1520 1540 1719 1614 demonstra·

180 1651 233 1701 tur
252 1633 285 1699 in
299 1627 339 1698 St
355 1625 398 1698 S:
422 1625 532 1718 estque
547 1625 712 1731 religionis
727 1621 1060 1724 nostrae'Chtistianae
1071 1624 1331 1703 Fundamentum
1346 1628 1382 1703 ἃ
1399 1640 1523 1726 optima
1537 1637 1638 1728 Spes:
1664 1641 1719 1732 En

175 1727 277 1820 igitur
298 1717 626 1813 remspiriurilem,
651 1715 799 1796 crdatam.
816 1741 892 1792 crta
921 1720 1059 1811 quadarn
1094 1722 1246 1812 'qualitate
1279 1727 1429 1814 infinita,
1463 1734 1577 1822 quidni
1605 1737 1719 1828 sqq-³0

92 1859 97 1870 ·
178 1821 319 1914 proinde
335 1821 431 1890 etiam
456 1820 555 1891 inesse
586 1844 654 1892 nun
691 1821 812 1912 poterit
843 1819 998 1910 quaedam
1023 1819 1159 1912 qualitas
1181 1821 1332 1898 infinita?
1358 1826 1557 1904 hauddubie
1576 1831 1645 1924 ejus
1659 1847 1720 1908 utt-

179 1921 263 1989 ratio
285 1939 302 1987 a
324 1937 414 2008 parte
428 1917 502 2008 post
528 1918 654 1990 infinita
669 1921 770 2014 'ctiam
785 1919 857 1988 erit.
941 1973 944 1982 .

228 2043 262 2144 §.
289 2043 500 2119 CLXXVII.
525 2046 593 2118 Alii
623 2045 825 2140 Philosopbii
846 2049 1059 2144 agnoscentes
1082 2050 1230 2142 Spatium
1254 2053 1319 2126 esse
1334 2056 1520 2147 Infinitum,
1547 2059 1583 2134 a
1613 2063 1718 2135 const·

180 2145 330 2218 deantes
353 2141 466 2216 Deum
489 2142 552 2214 esse
573 2143 644 2215 Ens
668 2144 813 2216 absolute
838 2143 1024 2232 Infinitum,
1050 2149 1186 2220 infinitis
1205 2151 1380 2227 AttributIs
1406 2155 1441 2230 δι
1465 2158 1719 2252 perfesiIonibus

179 2242 386 2335 praeditum,
424 2241 553 2332 prorsus
576 2241 778 2313 immutabile
796 2288 818 2324 ‚-
842 2244 1064 2314 extensionem
1087 2266 1222 2337 quoque
1251 2248 1316 2320 elle
1337 2253 1598 2344 perfectionem,
1635 2257 1720 2329 hanc

181 2337 262 2410 Deo
286 2356 477 2428 competere
504 2337 710 2410 statuerant:
742 2357 884 2426 cumque
909 2337 981 2408 sola·
1001 2341 1103 2428 Spatii
1123 2345 1269 2413 extensio
1291 2346 1328 2416 lit
1350 2351 1505 2438 infinita,
1537 2378 1611 2445 quae
1632 2357 1720 2445 capit

184 2438 316 2515 omnIa,
331 2435 417 2502 banc
434 2430 574 2499 esseDei
588 2433 838 2500 immensitatem
851 2433 1074 2501 adsetuerunt:
1100 2437 1144 2502 ita
1160 2438 1193 2505 in
1210 2435 1290 2508 Deo
1303 2442 1368 2510 elie
1389 2449 1521 2530 omnia,
1546 2453 1590 2519 ita
1607 2449 1721 2520 Deum

186 2529 251 2600 effe
263 2525 551 2617 omnipraesentem
568 2527 721 2596 omnibus
738 2528 772 2595 in
789 2525 854 2593 boc
884 2523 1047 2596 Universo
1068 2527 1175 2598 rebus.
1225 2529 1306 2602 Non
1327 2535 1404 2608 baec
1422 2541 1544 2612 subtilis
1566 2543 1722 2616 sententitt

183 2645 275 2697 vacat
293 2621 544 2693 difficultatibus.
600 2639 646 2689 10.
671 2621 803 2689 Etiamfi
817 2622 904 2688 enim
922 2621 1068 2710 Spanum
1093 2627 1127 2690 in
1149 2625 1260 2714 aliquo
1280 2633 1434 2703 attributo
1450 2642 1624 2708 convenittt
1643 2663 1720 2712 cum

129 2727 131 2734 ’
181 2719 291 2804 Deo,
317 2718 438 2788 sellicet
455 2714 547 2806 quod
566 2715 604 2785 fit
619 2714 809 2795 inlinitum,
844 2735 913 2784 non
932 2735 1039 2784 tamen
1055 2715 1132 2785 ldeo
1155 2739 1257 2790 unum
1275 2723 1429 2816 idemque
1443 2729 1513 2800 est:
1546 2733 1607 2802 alia
1631 2739 1720 2806 enim

182 2819 229 2889 est
245 2814 390 2886 Infinitas
405 2810 498 2895 Dei,
530 2813 591 2881 alia
615 2813 741 2903 Spatii:
774 2809 813 2881 ln
828 2810 1015 2888 oxtcnfione
1035 2816 1190 2884 convenit
1215 2817 1360 2907 Spatium
1382 2845 1458 2894 cum
1477 2847 1643 2919 corpore:
1669 2835 1719 2902 ni.
1864 2817 1870 2827 ’

179 2914 357 2986 lailominua
371 2909 520 3002 Spatium
538 2903 573 2978 a
598 2929 718 2999 corpus
734 2907 805 2978 sunt
819 2906 897 2977 duae
921 2927 971 2978 res
986 2910 1125 2980 extensae
1141 2910 1368 2989 diversissima.
1419 2920 1466 2992 lta
1487 2929 1642 2998 convenit
1657 2950 1718 2998 no.

180 3013 242 3083 stra
258 3029 350 3082 mena
365 3027 440 3078 cum
462 3003 562 3091 Deo,
588 3005 680 3096 quod
695 3005 799 3075 amba
815 3008 988 3098 cogitent:
1020 3006 1105 3075 Sunt
1120 3027 1226 3081 tamen
1249 3033 1300 3082 tes
1319 3019 1448 3106 penitus
1464 3019 1622 3107 diversae,
1642 3027 1718 3113 quia

145 3183 154 3192 ,
179 3131 251 3180 non
267 3109 414 3198 cogitant
425 3103 545 3170 eodum
566 3099 692 3170 modo:
724 3101 793 3192 pari
816 3098 920 3170 modo
942 3105 1098 3191 quoniam
1122 3105 1267 3195 Spatium
1286 3111 1335 3182 est
1355 3112 1554 3200 Infinitum,
1586 3142 1655 3190 non
1672 3123 1719 3192 se·

180 3207 292 3295 quitur
316 3199 351 3269 id
370 3195 433 3268 eise
446 3196 580 3288 aliquod
601 3193 879 3268 Deiatttibuturn.
932 3217 982 3269 2⁸.
1008 3200 1127 3270 Sinon
1149 3203 1268 3276 dentur
1288 3227 1449 3300 cor-pom,
1476 3215 1620 3306 Spatium
1649 3239 1719 3291 non

179 3301 308 3376 videtur
327 3295 472 3366 absolute
492 3293 729 3378 necessarium,
754 3315 911 3386 quantum
932 3294 1097 3386 hucusque
1120 3298 1162 3368 de
1177 3300 1246 3392 ejus
1270 3302 1327 3377 usu
1349 3315 1592 3404 cofflovtmusg
1624 3313 1718 3387 Nihil

178 3419 262 3471 vero
285 3397 318 3466 in
336 3391 415 3464 Deo
432 3391 537 3482 potest
551 3393 652 3484 poni,
678 3392 767 3483 quod
785 3414 853 3464 non
871 3392 907 3464 lit
923 3392 1067 3464 absolute
1085 3395 1303 3472 necelsarium.
1357 3425 1389 3497 3.
1405 3408 1460 3478 An
1475 3431 1554 3480 vero
1570 3413 1603 3481 in
1620 3409 1717 3500 Deo,

178 3495 269 3568 Ente
284 3489 519 3572 alluofilsrmo,
545 3485 688 3558 &nullo
706 3511 850 3579 unquam
876 3493 947 3561 otio
968 3489 1170 3586 languente,
1210 3495 1252 3568 de
1280 3522 1348 3590 quo
1367 3503 1446 3574 nihil
1469 3507 1528 3579 nili
1550 3514 1718 3599 operantia

177 3593 347 3665 Attributa
364 3583 613 3682 cognoscimus,
638 3584 764 3652 dabitur
785 3587 985 3657 Attributum
1007 3591 1120 3674 Iners,
1155 3592 1275 3685 absque
1296 3599 1361 3686 ulla
1379 3605 1507 3674 asiione
1529 3627 1584 3676 aut
1602 3609 1719 3678 intelli·

179 3689 295 3786 gentia
312 3733 331 3768 ,
346 3681 400 3752 sed
417 3701 506 3750 mere
522 3677 705 3770 pallivum‘l
732 3677 769 3748 ld
783 3681 952 3768 probabile
963 3706 1030 3754 non
1048 3686 1105 3753 est.
1155 3699 1207 3779 4⁰.
1231 3694 1285 3762 An
1301 3695 1357 3764 ulli
1372 3699 1530 3786 Spiritus,
1557 3725 1640 3792 quos
1657 3727 1718 3775 no·

177 3789 308 3863 vimus,
334 3776 467 3848 Extenli
482 3775 801 3872 deprehenduntur?
832 3779 865 3847 in
879 3775 998 3848 Mente
1013 3779 1175 3866 humana,
1202 3807 1257 3856 aut
1274 3791 1380 3861 animai
1400 3797 1567 3868 brutorum
1584 3801 1663 3870 nihil
1678 3803 1716 3871 st·

176 3881 259 3956 mile
276 3875 503 3960 observamus,
530 3893 599 3962 quo
612 3871 683 3964 jure
707 3875 804 3966 igitur
824 3870 904 3944 Deo
920 3873 1117 3948 adscribetur
1140 3883 1314 3956 extensto?
1357 3887 1446 3960 Hinc
1471 3891 1565 3962 Deus
1586 3897 1717 3968 nonest

181 3979 313 4048 duratio
326 3992 382 4044 aut
395 3971 565 4062 Spatium,
580 3970 645 4040 Sed
659 3969 753 4040 durat
768 3968 894 4062 semper
911 3968 947 4042 Sc
964 3973 1053 4042 adesi
1069 3977 1210 4067 ubique,
1227 3978 1343 4072 &quia
1359 3987 1432 4076 post
1450 4009 1555 4062 rerum
1570 3997 1717 4066 omnium

181 4074 381 4145 creationem
395 4070 548 4141 omnibus
565 4068 611 4138 est
627 4067 787 4158 praesens,
814 4067 848 4138 dc
868 4067 1090 4141 conservando
1111 4075 1144 4144 in
1159 4096 1197 4148 ea
1219 4099 1391 4170 operatur,
1405 4084 1581 4159 immensus
1605 4091 1661 4162 est.

234 4183 265 4284 5.
293 4184 516 4259 CLXXVIII.
542 4189 772 4281 AEquabiliter‘
787 4213 893 4266 tamen
918 4195 1012 4269 Deus
1037 4203 1143 4272 totum
1162 4201 1307 4292 Spatium
1323 4208 1506 4302 adimplct;
1533 4221 1607 4306 quia
1625 4217 1717 4293 Deus

178 4285 229 4356 est
243 4283 561 4374 EnsOmnipraesens
578 4284 613 4359 a
634 4289 778 4363 absolute
792 4292 1002 4367 necessarium
1012 4321 1020 4366 ι
1031 4299 1064 4368 Si
1079 4302 1219 4390 proinde
1233 4302 1372 4392 ailquatn
1388 4307 1489 4395 Spatii
1504 4319 1711 4403 portionem,
1754 4383 1758 4396 ,

182 4385 245 4454 ubi
265 4402 334 4454 non
356 4383 394 4456 srt
408 4381 524 4470 Deus,
548 4386 741 4472 statuamus,
766 4413 833 4464 non
852 4394 911 4462 erit
927 4393 1195 4487 Omniptaesens,
1221 4423 1329 4492 neque
1347 4405 1491 4478 absolute
1503 4413 1715 4499 necessarius,

183 4502 264 4552 nam
287 4481 330 4551 fic
350 4503 485 4572 quoque
504 4483 610 4556 abesse
629 4489 750 4578 poterit
771 4511 812 4560 ex
827 4511 1022 4580 quacunque
1038 4493 1099 4563 alia
1115 4501 1266 4586 portione
1281 4501 1407 4592 Spatii,
1431 4525 1528 4596 atque
1544 4513 1657 4582 iterum
1675 4531 1716 4580 ex

179 4579 314 4668 uicina,
337 4578 536 4674 tandemque
548 4583 688 4658 omnino
700 4583 805 4658 abelse
820 4585 926 4680 posset
938 4587 1056 4676 Deus,
1082 4589 1276 4689 &Spatium
1288 4619 1350 4694 pet
1367 4597 1399 4674 se
1415 4602 1598 4693 subsrilere,
1621 4605 1716 4693 qnod

1025 4689 1042 4762 I
1068 4713 1089 4762 a
1493 4751 1507 4804 ·.
1643 4721 1718 4772 curn
