4282 5962
255 299 346 391 DE
392 290 793 387 CORPORUM
837 280 1487 385 Atnuacntonissus.
1577 322 1653 407 353

127 498 228 585 iarn,
262 496 475 588 quamobrem
498 510 581 581 apex
604 490 682 560 coni
706 488 868 583 attingens
890 480 1081 576 particulam
1105 485 1160 570 P,
1192 506 1322 561 exercet
1346 495 1412 563 vim
1439 490 1656 579 ttahentem,

129 594 277 767 qduaeAest
302 591 415 665 utilia
438 590 652 679 Asymptotos
678 581 778 673 PH,
802 582 953 676 adeoque
974 582 1022 655 est
1046 582 1174 657 infinite
1199 605 1317 681 magor
1340 586 1492 680 respestu
1514 591 1655 681 partium

137 856 140 863 .
177 802 210 902 ς,
244 802 382 879 ΜΧΝ.
414 800 553 894 Propter
575 798 649 869 baec
671 816 871 885 memorata,
895 818 970 893 quta
992 802 1086 875 aliter
1108 802 1181 877 sunt
1203 822 1390 897 comparata
1412 806 1447 877 in
1473 803 1653 901 Magnete,

128 902 350 997 distinguenda
373 917 443 973 erat
464 900 612 969 atnaiiio
635 916 656 965 a
680 893 929 991 Magnetismo,
953 899 997 973 ad
1019 899 1200 974 distantiam
1224 904 1402 975 multorum
1424 900 1549 996 pedum
1573 921 1654 997 ope·

128 1021 237 1085 rante,
261 996 298 1069 δι
321 1002 356 1069 in
378 998 450 1069 aliis
471 994 692 1065 distantiarum
713 996 995 1084 proportionibus.

177 1114 229 1167 ιο.
254 1096 416 1167 Attraiiio
440 1092 487 1163 est
511 1088 718 1175 universalis,
738 1088 932 1187 Magnedca
955 1096 1005 1169 via
1027 1094 1187 1189 specialia
1287 1138 1290 1143 -

175 1202 227 1284 3⁰.
251 1194 413 1264 Attradiio
436 1188 508 1261 tolli
531 1188 724 1277 nequitaut
745 1190 881 1275 nturi,
904 1210 983 1263 cum
1003 1195 1056 1267 'ais
1078 1192 1271 1295 Magnetica
1292 1193 1474 1285 debilitari,
1495 1196 1593 1284 tolii,
1619 1188 1658 1270 dc

127 1294 243 1363 mutari
266 1310 309 1361 ert
332 1287 495 1386 Magnete
518 1282 554 1357 δι
577 1282 686 1357 Ferro
709 1304 774 1376 pto
797 1283 904 1359 lubitu
927 1288 1032 1381 potiit.
1176 1334 1182 1341 -
1469 1350 1474 1357 .

178 1408 210 1507 d.
235 1410 358 1485 MXV.
383 1408 473 1507 Quia
489 1414 537 1485 vis
557 1406 725 1483 attrahens
746 1406 783 1477 itt
808 1408 954 1482 distantia
979 1407 998 1479 i
1021 1408 1216 1503 corporibus
1240 1428 1415 1505 operatur,
1440 1430 1580 1503 corpora
1596 1430 1658 1483 tra·

128 1509 238 1582 hemia
268 1510 310 1583 ad
334 1508 379 1582 se·
399 1510 556 1583 accedent
572 1525 601 1599 ,··
619 1504 783 1579 da'ntotu
816 1506 995 1579 accelerato
1019 1504 1164 1579 fertatur
1179 1510 1201 1597 ζ
1216 1506 1326 1581 donec
1350 1512 1541 1583 inmutuos
1564 1524 1659 1583 ruant

129 1628 181 1676 am
210 1609 312 1680 lenus,
701 1616 729 1644 ·“

179 1630 317 1797 gamus
345 1707 435 1776 enim
459 1704 493 1777 A
517 1704 659 1778 nabetur
680 1724 700 1775 a
724 1702 757 1779 B
782 1704 944 1799 usquein
968 1700 1081 1777 iocum
1105 1700 1171 1792 C,
1201 1704 1344 1795 primum
1368 1720 1410 1774 ex
1435 1704 1545 1795 quiete
1570 1704 1657 1783 ertit,
1685 1710 1761 1779 Tau.

127 1820 307 1895 parumque
337 1820 508 1873 movemt:
537 1798 744 1893 parimodo
778 1802 810 1877 B
840 1802 978 1875 trahitur
1007 1798 1059 1874 ab'
1080 1800 1133 1875 A·
1148 1814 1268 1898 usque¹
1283 1800 1318 1873 in
1341 1798 1401 1887 E,
1421 1818 1465 1897 eat
1489 1803 1598 1891 quiete
1624 1788 1765 1881 dam·

128 1920 223 1991 parva
245 1902 308 1971 vit
332 1896 428 1991 Quia
450 1919 559 1970 autern
576 1900 633 1983 uia
656 1898 785 1972 trabeata
810 1896 1027 1997 semperagit
1047 1898 1317 1995 uelutipotentia
1340 1918 1492 1987 premens
1515 1946 1527 1981 ,
1551 1866 1723 1967 motusFlg
1748 1894 1797 1951 ¹¹·

129 2000 233 2068 motui
260 1994 506 2087 superadditur,
531 1998 682 2089 adeoque
712 1994 750 2067 fit
773 1996 994 2082 acceleratio,
1028 1996 1150 2067 etiamst
1173 1994 1320 2067 anradio
1339 1996 1374 2066 in
1394 1990 1539 2089 qualibet
1554 1992 1572 2063 i
1588 2014 1662 2063 cor·
1700 2040 1703 2046 -

129 2114 210 2185 porc
233 2092 380 2161 distantia
401 2094 567 2181 aqualiter
587 2112 795 2185 operaretur:
819 2092 947 2166 Verum·
964 2092 1113 2166 increscit
1136 2092 1208 2163 haec
1231 2094 1280 2163 vis
1297 2086 1470 2183 'perpetuo
1494 2092 1528 2159 in
1554 2092 1663 2161 mitto·

130 2193 158 2259 ri
177 2186 369 2273 inremailoa
394 2186 566 2280 postquam
579 2191 689 2287 igitur
714 2210 856 2281 corpora
875 2206 1094 2279 pervenerunt
1114 2192 1148 2260 in
1174 2186 1263 2267 C&
1280 2188 1342 2272 ·E,
1367 2187 1482 2282 majori
1501 2188 1534 2261 vi
1553 2186 1585 2259 se
1600 2207 1664 2258 tra-

129 2286 233 2367 hunt,
259 2304 414 2375 tantoque
438 2288 542 2381 magis
560 2285 792 2357 accelerabitur
812 2306 921 2357 motus
936 2289 1085 2371 corporis
1099 2285 1131 2355 A
1144 2306 1186 2355 ex
1205 2285 1239 2357 C
1261 2288 1296 2353 in
1311 2284 1369 2367 D,
1395 2306 1433 2355 ut
1454 2283 1491 2356 dt
1513 2287 1665 2377 corporis

132 2384 165 2459 B
185 2402 226 2453 ex
241 2378 274 2451 E
292 2380 336 2451 ad
350 2380 411 2451 D:
435 2399 579 2469 tamque
596 2380 655 2449 fibi
669 2394 786 2455 mutuo
800 2394 975 2449 οοειιιτιιιιι
990 2380 1024 2447 in
1042 2374 1103 2462 D,
1126 2396 1223 2447 motta
1247 2377 1341 2449 valde
1364 2377 1546 2449 accelerato
1571 2384 1605 2451 in
1631 2380 1665 2452 se

131 2498 240 2551 ruunt.
702 2516 705 2521 ·

181 2588 216 2689 5.
252 2588 392 2663 ntxvt.
425 2589 614 2683 Oportebat
639 2610 675 2663 ut
699 2589 796 2677 nune·
810 2592 1113 2675 determinaremus,
1137 2580 1177 2659 ita
1196 2608 1336 2681 qtranam
1357 2593 1483 2661 ratidrte
1503 2585 1673 2659 distantia·-

133 2710 206 2761 tum
239 2710 379 2782 corpora
407 2687 472 2759 sese
498 2690 649 2757 trahunt:
673 2681 838 2758 Novimus
862 2685 995 2778 quidem
1016 2684 1192 2757 secundum
1218 2682 1345 2781 Legem
1368 2682 1556 2783 grauioris,
1588 2704 1672 2754 cor·.

134 2807 216 2878 pora
245 2788 278 2857 in
308 2786 433 2877 ratione
464 2784 585 2855 inversa
616 2782 847 2873 quadratorum
874 2780 1093 2853 distantiarum
1118 2782 1270 2877 operari:
1305 2780 1360 2852 sed
1387 2780 1515 2851 videtur
1547 2782 1665 2851 virium

133 2882 358 2953 attrahendum
388 2882 474 2951 adio
503 2878 569 2950 eiie
591 2882 625 2949 in
657 2882 784 2951 ratione
805 2880 930 2951 aitiori:
954 2878 1112 2951 deficiunt
1129 2878 1184 2948 hic¹
1207 2897 1315 2949 aaaron
1342 2879 1490 2970 accurata
1514 2868 1550 2947 di
1575 2888 1664 2949 c'erta

133 2980 377 3069 experimenta:
411 2976 600 3047 difficillime
621 2974 699 3045 boc
720 2976 840 3069 dogma
862 2972 1074 3065 perficietur,
1106 2976 1185 3067 quia
1208 2976 1242 3045 itt
1264 2994 1328 3047 tam
1358 2976 1464 3067 parvis
1483 2994 1664 3067 corporum

134 3076 289 3158 distantiis
315 3072 420 3143 inodo
449 3071 556 3161 potest
578 3068 733 3143 attradiio
752 3072 940 3155 observari,
974 3092 1049 3163 quae
1067 3074 1121 3145 vix
1140 3070 1209 3143 ulla
1227 3092 1298 3143 arte
1318 3073 1492 3162 mensurari
1513 3070 1661 3163 poii'tmt:

134 3193 203 3242 tum
233 3190 370 3261 quoque
402 3170 478 3259 quia
508 3170 542 3241 in
567 3167 738 3255 elementis
756 3168 907 3259 pericula·
922 3164 1030 3240 facere
1052 3180 1120 3241 no'tt
1146 3167 1250 3241 licet:
1281 3190 1421 3263 corpora
1445 3166 1568 3259 majora
1592 3190 1662 3240 non

134 3266 390 3357 sontfimpiicia,
401 3264 456 3335 sed
469 3286 510 3335 ex
525 3262 735 3337 diverstffimae
746 3260 924 3339 fabricae&
938 3264 1178 3338 coniiituti'onie
1194 3266 1339 3359 partibus
1348 3264 1549 3359 catapoita,
1562 3264 1662 3337 veluti

136 3386 179 3435 ert
203 3364 342 3455 Spiritu,
367 3364 492 3455 Aqua,
516 3360 627 3455 oleo,
652 3362 749 3449 Sale,
774 3362 947 3449 Metalla,
971 3362 1076 3435 Terra
1099 3358 1167 3435 otc.
1192 3384 1255 3435 nec
1277 3364 1392 3437 scimus
1411 3362 1586 3456 quomodo
1610 3358 1662 3433 itae

135 3463 193 3533 irbi
216 3462 409 3533 incumbunt
431 3480 563 3551 partes,
597 3479 755 3547 quantum
778 3458 900 3541 solidi,
924 3480 1082 3549 quantum
1102 3462 1210 3559 porost
1233 3461 1337 3541 infit,
1366 3463 1455 3552 quali
1477 3459 1579 3557 figura
1603 3457 1664 3532 stat

134 3550 332 3631 diversorum
354 3556 506 3628 ordinum
528 3574 655 3643 partcs3
678 3556 838 3643 aquibus
858 3575 967 3625 tamen
987 3558 1141 3627 omnibus
1160 3562 1245 3627 varia
1267 3579 1446 3648 corporum
1468 3576 1664 3651 magnorum

121 3659 183 3726 uis
213 3654 374 3723 attrahens
396 3650 538 3741 pondere
556 3652 700 3741 poterit:
724 3647 814 3721 Hinc
836 3649 976 3741 quilibet
997 3648 1094 3719 facile
1112 3652 1221 3737 videt,
1245 3652 1423 3741 posteritati
1443 3652 1661 3727 abundantem

135 3752 267 3839 copiam
285 3746 553 3819 instituendorum
573 3746 871 3837 experimentorum
893 3740 929 3817 dt
949 3745 1211 3817 observationum
1233 3746 1301 3819 effe
1322 3747 1471 3821 relidam
1491 3772 1501 3819 ι
1534 3746 1572 3819 dt
1594 3750 1662 3819 fere

134 3846 214 3916 nihii
237 3846 324 3919 circa
351 3846 557 3917 attractiones
588 3840 824 3915 Mathematice
848 3840 942 3935 poii'e
966 3842 1141 3935 expedint
1174 3844 1231 3917 nid
1257 3862 1332 3936 quae
1362 3844 1662 3919 demonstraverunt

135 3940 323 4015 Newtonua
341 3938 378 4015 da
395 3940 558 4028 neruiue
579 3938 665 4013 adeo
687 3958 725 4011 ut
746 3938 920 4013 observatis
939 3960 1067 4013 tantum
1087 3944 1202 4035 paucio
1221 3940 1471 4037 phoenomenis,
1491 3960 1567 4039 quae
1588 3962 1665 4015 cor·

136 4061 218 4133 pora
236 4060 354 4135 magna
372 4038 497 4133 edunt,
521 4039 700 4127 debeamus
721 4034 786 4109 eise
805 4042 966 4119 contenti.

184 4150 216 4253 §-
241 4150 397 4237 MXVli,
421 4150 598 4225 Videamus
617 4150 685 4245 jana
712 4152 885 4245 quomodo
906 4150 1023 4227 Fluida
1046 4156 1080 4227 se
1099 4154 1289 4243 anrahttnta
1319 4178 1389 4231 non
1415 4160 1492 4251 quia
1516 4160 1550 4231 itt
1567 4152 1663 4231 Flui-

135 4250 187 4322 dis
215 4249 286 4321 sum
315 4249 386 4321 aiiae
415 4248 532 4347 leges,
562 4271 640 4323 cum
666 4246 841 4323 fluidomm
869 4272 976 4345 partes
1000 4250 1074 4325 sunt
1097 4274 1187 4327 mera
1211 4254 1334 4341 solida,
1358 4254 1413 4328 sed
1437 4254 1660 4341 subtiiiiitma,

137 4346 416 4440 mobiliiitmaque.
473 4346 549 4449 Sint
562 4348 671 4447 ‘igitur
702 4346 924 4443 Fluidorum,
949 4372 1024 4442 quae
1048 4352 1067 4421 d
1087 4352 1190 4423 nobis¹
1208 4350 1339 4425 aretari
1357 4352 1510 4447 paisant,
1536 4350 1660 4449 (Luce

136 4440 173 4515 dt
195 4445 279 4541 Igne
300 4440 625 4539 exeeptis)'altquot
639 4448 784 4541 exigua.
797 4452 941 4537 parter,
973 4448 1087 4539 postte
1114 4450 1149 4521 in
1176 4448 1242 4523 alio
1268 4444 1398 4537 fluido,
1430 4472 1575 4544 quocum
1605 4442 1660 4518 tei

135 4562 235 4630 uon,
258 4541 311 4617 vei
331 4560 401 4617 aon
424 4540 514 4633 cito,
537 4532 591 4617 ael
610 4540 785 4618 difficulter
797 4542 995 4714 misceaturY
1008 4564 1193 4641 partesque.
1208 4548 1299 4643 ptius
1321 4546 1466 4625 discretae
1483 4544 1660 4641 appropin-
1684 4598 1689 4607 .

144 4681 150 4695 ·
1008 4664 1030 4733 i
1535 4652 1658 4732 quemi
