4572 6086
584 361 665 448 ,44
913 313 1053 422 nu
1165 291 1806 409 Macer-nur.

534 517 547 550 '
581 532 602 606 l
626 527 755 604 subdito
776 517 978 601 subdamini
1004 515 1166 612 Magnete
1190 535 1209 586 a
1233 513 1328 584 ’tatur
1350 505 1550 600 Verlorium,
1576 509 1631 584 sed
1655 511 1800 610 segnius,
1826 535 1925 609 quam
1950 527 1974 602 fi
1998 533 2033 608 1,
2055 555 2105 610 t„

580 629 660 705 bula
679 626 743 700 fuit
761 623 867 699 moles
887 614 1064 712 cylindrica
1086 611 1189 683 ferrea
1274 627 1354 678 100·
1377 625 1484 699 prope
1507 629 1606 700 quam
1629 608 1821 688 Verlorrum
1844 617 1953 714 stetit,
1977 631 2104 708 adam

581 727 771 811 atmodum,
792 723 835 794 ab
858 714 987 792 adversa
1011 709 1109 784 molis
1132 726 1223 799 parte
1239 721 1373 802 magnes
1396 703 1571 798 generosus
1593 702 1654 777 fuit
1677 711 1825 801 politus,
1850 723 1908 809 qui
1933 725 2107 820 aliquoties

581 843 651 900 erat
671 817 938 901 convocandus,
968 825 1144 898 antequam
1166 801 1283 895 aliquia
1306 804 1340 872 in
1365 797 1519 872 Versorio
1553 800 1692 892 speclari
1714 829 1846 899 poterat
1870 839 2011 912 monas,
2035 829 2106 902 imo

578 921 622 995 cd
645 921 805 994 mininum
834 937 877 988 ro
902 911 1035 1005 plurave
1056 903 1183 974 minuta
1207 897 1345 972 secanda
1368 917 1598 985 cucurrerunt,
1622 920 1796 995 antequam
1821 933 1932 990 motus
1955 922 2108 996 observa.

580 1019 695 1092 batur:
717 1014 837 1094 deinde
852 1011 954 1084 altera
966 1000 1072 1076 moles
1090 996 1193 1074 ferrea
1217 995 1250 1068 lli
1277 1017 1337 1090 50.
1361 995 1408 1068 cll
1421 995 1569 1090 appollo
1594 999 1694 1087 priori
1717 1005 1818 1091 moli,
1844 1032 1880 1085 ut
1895 1037 1968 1088 eam
1993 1041 2110 1118 tange·

579 1136 656 1202 ret,
687 1133 762 1186 ante
793 1111 877 1184 hauc
901 1100 1091 1176 Versorium
1121 1096 1182 1168 fuit
1205 1096 1375 1188 Pofifflma
1406 1091 1441 1166 ἃ
1474 1091 1619 1192 ΜΨΜ
1644 1097 1743 1186 Ρΐῑθῑὶ
1768 1101 1847 1176 loco
1870 1113 1982 1199 pdmae
2006 1118 2109 1192 molis

579 1211 762 1296 admotus,
791 1207 846 1278 sed
878 1203 971 1297 plura
993 1213 1203 1268 excurrerunt
1233 1194 1356 1264 minuta
1381 1184 1519 1264 secunda
1543 1211 1719 1284 antequam
1743 1194 1938 1278 leviusculas
1961 1210 2109 1288 verso&

577 1329 691 1382 motus
714 1304 939 1378 excitabatur:
970 1311 1041 1368 tum
1071 1293 1163 1364 tertia
1190 1290 1295 1364 moles
1312 1286 1425 1362 'ferrea
1453 1284 1490 1370 lli
1518 1310 1577 1383 50.
1601 1309 1678 1364 ante
1703 1291 1877 1370 secundam
1901 1305 2035 1393 posita,
2069 1307 2106 1384 ἀ

576 1427 686 1502 prope
710 1405 836 1476 tertiam
858 1395 1068 1476 Versorium,
1092 1409 1227 1485 magnes
1250 1388 1363 1480 primae
1386 1386 1468 1459 moli
1490 1385 1602 1462 ferree
1626 1389 1779 1462 admotus
1802 1395 1930 1470 nuilrrm
1954 1405 2107 1480 excitavit

576 1508 613 1578 ln
637 1501 793 1576 Versorio
817 1516 973 1579 motum,
997 1485 1273 1582 quileuiusculus
1298 1505 1406 1560 tamen
1431 1504 1520 1571 erat,
1545 1487 1639 1584 uirgd
1665 1492 1852 1584 magnerici
1877 1493 2026 1594 Knigltrii
2050 1504 2105 1576 ad-

574 1623 678 1674 mota.
731 1597 790 1669 Vis
814 1599 912 1692 igitur
936 1588 1107 1684 Magnetis
1129 1605 1198 1656 uon
1222 1583 1331 1656 transst
1354 1581 1563 1676 quascunque
1581 1586 1687 1658 moles
1699 1584 1838 1676 ferreas,
1862 1597 1973 1668 autad
1990 1620 2105 1690 quam·

574 1697 657 1770 libet
681 1694 941 1790 longitudinem
966 1686 1172 1760 eledricitate
1192 1677 1489 1766 remansimus,
1514 1679 1673 1754 stdoums
1695 1681 1813 1758 ferreas
1838 1708 2004 1785 utcunque
2026 1697 2105 1776 ,lon-

574 1813 655 1892 gas,
679 1792 843 1862 liberrime
866 1801 1072 1880 permeante:
1096 1785 1165 1852 imo
1189 1778 1246 1852 hae
1269 1777 1470 1871 permeando
1495 1779 1612 1855 uirium
1626 1780 1860 1856 incrementum
1876 1791 1984 1878 capit3
2009 1795 2105 1884 quod

572 1913 646 1966 non
670 1891 824 1962 convertit
847 1884 1037 1981 magneticis
1060 1879 1192 1952 viribus.
1243 1875 1377 1950 {merim
1395 1895 1501 1966 nuto,
1526 1898 1581 1948 me
1602 1877 1749 1950 nondum
1773 1877 1942 1956 offendilie
1965 1887 2104 1979 aliquod

571 2009 694 2080 corpus
719 1985 915 2082 (exploravi
937 1999 1046 2054 autem
1069 1994 1205 2048 centena
1229 1971 1380 2067 diversa)
1405 1975 1440 2046 in
1460 1972 1587 2072 Regno
1611 1973 1817 2070 vegetabili,
1844 1978 2018 2069 Animali‚
2045 2007 2104 2060 aut

572 2083 704 2170 Fofflli,
730 2083 792 2158 five
817 2083 947 2154 firmum
964 2077 1028 2152 five
1049 2071 1205 2148 Fluidum
1226 2068 1344 2154 fuerit,
1369 2073 1450 2162 quln
1474 2073 1523 2146 via
1537 2073 1718 2168 magnetica
1740 2073 1912 2165 quodlibet
1933 2077 2102 2158 liberrime

574 2184 810 2278 perornaverit:
832 2177 925 2270 quod
941 2169 1213 2266 nequaquam-de
1239 2167 1464 2245 Eleonciate
1488 2167 1635 2246 affirmari
1654 2169 1773 2262 potere

621 2299 677 2374 7⁰·
702 2278 878 2369 Discrepat
899 2279 948 2350 vis
968 2269 1151 2370 magnetica
1171 2267 1213 2338 ab
1237 2266 1465 2356 eledlricitate,
1842 2335 1846 2344 ,
1886 2265 1890 2273 “

569 2387 581 2448 ,·
623 2378 701 2472 (a)
737 2374 842 2472 Quod
869 2376 918 2446 uis
948 2373 984 2442 in
1011 2375 1164 2460 magnete
1187 2363 1318 2450 ,absque
1350 2361 1428 2432 ulla'
1442 2369 1637 2453 operatione
1658 2364 1841 2444 seculorum
1858 2371 1962 2466 spacio
1985 2379 2103 2467 periret

571 2479 767 2559 immotam,
798 2467 990 2540 eleitricitaa
1012 2482 1092 2538 vero
1121 2459 1156 2536 in
1185 2456 1335 2552 quolibet
1359 2455 1591 2536 ldioiledrico
1618 2460 1757 2538 excitata
1789 2470 1913 2561 per-q
1948 2473 2032 2566 852.
2056 2475 2100 2548 est

571 2573 681 2647 breuis
700 2568 892 2644 domnonia.
1416 2621 1421 2634 ,
1535 2599 1542 2614 ·
1928 2599 1933 2610 ·
2090 2603 2095 2616 ·

573 2657 1336 2850 nilsliiitiiiiiiiiliii:
1360 2658 1683 2832 iiiiiiiilt
1706 2663 2099 2843 baldelii

432 2882 446 2912 ·
571 2863 841 2946 andeferan,
871 2857 1045 2932 connaab
1064 2853 1115 2928 bia
1141 2853 1324 2942 omnibus,
1347 2874 1427 2928 cum
1445 2859 1579 2949 corpori
1601 2851 1760 2933 detineo
1783 2855 1990 2949 adliounurr,
2012 2863 2099 2937 elec·

571 2965 696 3034 trinitas
720 2960 843 3033 tollitur
863 2955 984 3029 stletve.
1752 3013 1757 3026 ,

572 3105 577 3116 ·
624 3059 699 3154 (n)
725 3054 990 3154 Quibuscunque
1011 3053 1206 3146 corporibus
1232 3071 1367 3148 magnes
1391 3051 1489 3124 fuerit
1508 3050 1695 3142 imposuere,
1719 3069 1862 3140 excepto
1884 3049 1990 3142 ferro,
2014 3077 2096 3148 ope.

570 3176 661 3234 ratur
683 3156 803 3230 eodem
823 3154 928 3228 modo
952 3153 990 3224 in
1008 3149 1152 3235 terrun.
1176 3151 1212 3221 in
1235 3167 1437 3240 quocunque
1458 3145 1568 3240 janeus
1588 3166 1752 3239 corpore,
1774 3165 1831 3218 aut
1848 3147 1950 3228 libere
1972 3153 2099 3242 pennu.
2246 3191 2247 3226 ,

569 3255 670 3326 lame
704 3255 760 3326 sed
783 3252 980 3346 -eledtriciras
1010 3270 1081 3326 non
1112 3243 1254 3323 ostendit
1278 3247 1344 3324 vim
1371 3243 1602 3320 foeminalia
1625 3263 1794 3336 corpure,
1826 3244 1886 3318 olii
1906 3241 2099 3338 jacentiain

578 3345 760 3432 electrico,
782 3348 836 3417 vel
860 3348 1027 3416 terminata
1050 3346 1084 3414 in
1108 3342 1352 3416 idioeleetricis.

625 3443 695 3538 (i)
721 3441 912 3536 llllagnetica
940 3441 990 3514 via
1017 3459 1142 3512 tanmm
1166 3457 1319 3532 operatur
1348 3442 1382 3514 in
1402 3439 1551 3526 lemn,
1574 3455 1646 3510 non
1668 3437 1704 3512 in
1726 3435 1831 3512 ullum
1850 3437 1939 3514 aliud
1961 3463 2099 3540 ¹corpus:

578 3559 699 3617 conua
720 3537 1086 3630 eledricitaaopcmtur
1105 3541 1139 3612 ia
1158 3536 1315 3630 quaelibet
1334 3537 1397 3610 alia
1418 3554 1570 3630 corpora.
1893 3577 1897 3586 ·
2081 3572 2085 3580 ,

628 3636 701 3732 (a)
725 3634 786 3708 Vis
809 3633 1000 3732 Magnetica
1019 3656 1088 3708 nnn
1107 3635 1215 3710 ΐεειιω
1236 3633 1326 3710 vebit
1351 3637 1508 3708 com'uem
1531 3631 1706 3732 ignemrel
1722 3632 1853 3722 lucem,
1877 3637 1930 3712 vei
1943 3639 2100 3738 morem,

573 3735 629 3812 ael
651 3735 827 3828 saporem,
851 3731 951 3810 velun
971 3731 1182 3823 eledricitas,
1215 3732 1293 3806 licet
1310 3733 1358 3808 vis
1382 3751 1435 3804 ma
1483 3734 1566 3804 etica
1588 3731 1756 3804 lit-multo
1777 3733 1894 3806 sortior
1914 3735 2100 3812 elemrctn
2245 3763 2246 3836 ᾖ

571 3853 628 3908 ae:
652 3836 766 3926 ecquis
782 3834 877 3914 ‚enim
901 3832 1058 3906 eleilrum
1080 3829 1215 3926 aliquod
1236 3829 1316 3906 vidit
1334 3831 1424 3904 movi
1449 3826 1523 3902 e&
1544 3827 1697 3902 allicuille
1721 3851 1840 3923 corpus
1861 3827 1896 3902 lli
1923 3856 2000 3906 roo.
2022 3858 2099 3929 qua·

567 3931 610 4006 le
638 3953 744 4010 tamen
767 3917 975 4008 auounullis
996 3933 1202 4028 magnetibus
1228 3933 1263 4002 io
1284 3923 1461 4001 Hollandla
1480 3949 1565 4003 onus
1588 3924 1726 3999 ferreum
1744 3927 1893 4024 gestumr.
2053 3927 2060 3947 '

569 4077 579 4088 -
626 4033 705 4127 (a)
731 4028 791 4102 Vis
808 4030 991 4123 magnetica
1010 4027 1150 4100 mediam
1173 4026 1336 4100 flammam
1358 4023 1495 4110 tranfit,
1529 4021 1737 4117 &operatur
1759 4025 1794 4096 in
1817 4024 1926 4098 media
1948 4024 2097 4119 flammam

570 4125 817 4292 {lustricitutem
835 4144 940 4200 nemo
964 4122 1127 4198 dammam
1153 4123 1303 4207 naofiiffe
1322 4143 1378 4198 aut
1399 4125 1435 4196 iu
1456 4120 1565 4204 media
1590 4119 1719 4195 fimana
1740 4141 1908 4218 operatam
1928 4121 2096 4218 luilleob

591 4230 720 4312 erravit,
1981 4250 1989 4262 ·

624 4320 704 4416 (a)
734 4322 796 4396 Vis
825 4318 979 4402 aradaei
1005 4322 1220 4402 circumfundi
1250 4321 1356 4420 potell
1385 4325 1472 4396 circa
1493 4337 1704 4418 magnetem,
1729 4323 1787 4411 qui
1810 4323 1855 4394 ira
1879 4323 2000 4398 eodem
2020 4343 2095 4398 tem·

570 4435 657 4512 pore
683 4420 767 4489 duos
797 4419 937 4496 diversos
961 4417 1095 4496 effeetus
1119 4441 1269 4508 exercet,
1294 4420 1457 4493 alliciendi
1478 4439 1597 4510 nempe
1620 4416 1776 4510 quolibet
1799 4440 1967 4512 corpore,
1994 4417 2031 4494 dt
2052 4441 2095 4494 at·

569 4513 722 4588 tmlrendi
742 4512 889 4587 ferrum:
913 4516 1039 4592 Verum
1059 4521 1107 4591 vis
1125 4522 1307 4618 magnetica
1331 4521 1418 4590 circa
1439 4517 1627 4589 eledricum
1647 4514 1865 4587 circumfundi
1888 4522 2031 4608 nequit,
2062 4534 2096 4588 ut
2243 4509 2244 4580 ἰ

568 4611 638 4716 boc
653 4611 773 4692 alliciat
796 4611 973 4710 trahatque.
1020 4613 1108 4694 Etii
1134 4616 1279 4717 Magum
1303 4635 1443 4693 armatus
1466 4634 1593 4720 uotum
1616 4610 1713 4692 ferrer
1736 4613 1893 4708 ponderis
1907 4613 2099 4810 gestatae
