4282 5962
273 865 615 961 CAPUT
685 860 1192 950 DECIMUM
1271 860 1788 947 TERTIUM.

627 1126 631 1133 ’
717 1123 781 1211 De
811 1122 1047 1236 oscillatione
1073 1122 1347 1225 Pendolorum.

271 1414 279 1423 ι
311 1447 343 1550 q.
369 1446 533 1521 DCXLI.
558 1446 757 1574 Pendnium
788 1463 923 1518 vocatur
951 1464 1073 1535 corpus
1101 1463 1226 1539 grave,
1257 1443 1379 1532 penfile
1403 1464 1444 1515 ex
1468 1441 1528 1515 filo
1552 1444 1671 1526 tenui,
1705 1443 1793 1513 circa
1819 1443 1894 1506 Tau*

673 1567 685 1635 J

634 1567 675 1618 cu
688 1568 725 1617 us
745 1542 882 1613 alterum
906 1561 1108 1626 extremum,
1136 1560 1286 1629 tanquam
1312 1559 1487 1625 centrum,
1513 1543 1547 1610 in
1572 1541 1789 1610 circinationis
1798 1524 1899 1678 {32¹4

261 1644 398 1716 modum
429 1646 551 1716 moveri
580 1641 696 1733 potest.
746 1641 944 1729 Concipitur
975 1640 1085 1735 animo
1114 1635 1204 1707 filum
1240 1636 1312 1709 AB
1352 1640 1513 1733 gravitatis
1545 1658 1685 1728 expers,
1720 1656 1793 1715 tunt

263 1740 405 1833 perfelie
428 1740 569 1811 flexibile
592 1742 625 1809 in
651 1760 797 1810 extremo
825 1739 888 1823 A,
920 1734 972 1807 vel
1003 1730 1039 1805 ἃ
1069 1735 1193 1825 absque
1217 1737 1325 1805 attritu
1350 1737 1436 1804 circa
1460 1733 1526 1804 hoc
1549 1754 1696 1805 centrum
1722 1753 1795 1801 mo·

260 1842 344 2009 qjg:
368 1857 523 1931 praeterea
542 1834 604 1908 elie
618 1836 760 1931 positum
783 1836 819 1905 in
841 1857 957 1909 vacuo.
1006 1827 1066 1902 Est
1086 1830 1272 1923 hujusmodi
1295 1831 1476 1923 pendulum
1505 1833 1649 1926 Simplex
1665 1829 1794 1924 pendu-
1916 1896 1919 1901 .

309 2049 341 2148 i.
367 2049 547 2123 DCXLll.
572 2048 631 2120 Est
658 2071 795 2142 quoque
822 2030 911 2120 aliud
939 2045 1125 2121 Pendulum
1154 2050 1397 2142 Conpositum,
1430 2069 1506 2119 cum
1539 2065 1659 2138 nempe
1683 2044 1790 2115 eidem
1825 2041 1905 2106 Tabi

261 2147 320 2260 silo
344 2149 438 2233 CA,
462 2168 518 2217 aut
533 2148 630 2242 virgae
656 2149 745 2219 dure
769 2147 891 2218 metalli
912 2144 1006 2236 plura
1027 2166 1184 2236 corpora,
1209 2149 1257 2216 uti
1282 2145 1338 2231 A,
1364 2140 1400 2215 dt
1424 2145 1475 2231 B,
1500 2144 1542 2216 ad
1559 2146 1660 2218 varias
1675 2120 1924 2273 disten-ff&

263 2263 321 2316 tras
343 2246 362 2315 i
384 2266 498 2315 centro
524 2243 555 2313 C
579 2245 803 2315 adneiiuntur.

315 2358 348 2446 §.
373 2356 573 2426 DCXLlll.
598 2356 632 2422 Si
662 2357 842 2443 pendulum
873 2375 914 2424 ex
946 2357 1006 2423 litu
1031 2354 1103 2425 AB
1129 2356 1172 2424 ad
1201 2357 1409 2426 horizontem
1440 2357 1720 2447 perpendiculari,
1758 2361 1792 2425 in
1902 2424 1905 2433 ,

263 2455 362 2527 alium
383 2452 643 2542 qualemcunque
664 2448 738 2521 AC
764 2451 915 2534 tollatur,
940 2470 978 2519 ac
1006 2450 1160 2541 deinceps
1175 2449 1316 2521 laxatum
1332 2451 1390 2521 fibi
1409 2456 1649 2537 committatur,
1674 2416 1900 2552 vigra-12⁸1&

263 2555 369 2622 vitatis
392 2548 587 2630 descendit,
621 2567 778 2636 quantum
802 2545 938 2634 potest,
971 2545 1080 2616 donec
1107 2549 1141 2615 in
1168 2546 1260 2616 litum
1289 2547 1362 2618 AB
1389 2549 1554 2630 redierit,
1585 2552 1619 2620 in
1644 2570 1712 2638 quo
1738 2548 1794 2617 de·
1803 2534 1904 2646 pff.

264 2648 402 2725 scendit,
429 2663 585 2734 quantum
603 2642 729 2731 potest:
755 2641 793 2710 ln
818 2640 884 2710 hoc
907 2637 1060 2710 descensu
1079 2640 1286 2711 velocitatem
1309 2642 1497 2734 acquifivit,
1522 2665 1587 2732 qua
1599 2643 1795 2713 adscendere

264 2742 371 2833 potest
403 2744 435 2810 in
465 2738 648 2828 oppositam
683 2757 807 2828 partem
835 2735 877 2805 ad
901 2734 1060 2826 equalem
1085 2735 1264 2807 altudinem
1283 2734 1374 2827 BD,
1398 2760 1437 2809 ac
1460 2738 1622 2810 ceciderat
1646 2761 1688 2809 ex
1710 2738 1796 2810 Cin

261 2839 291 2911 B
318 2860 377 2930 per
397 2834 429 2930 i.
445 2834 527 2927 356.
578 2833 672 2926 Quia
699 2854 778 2904 vero
799 2835 1029 2926 circumagitur
1046 2835 1133 2903 circa
1157 2853 1305 2905 centrum
1331 2835 1388 2918 A,
1412 2857 1523 2906 arcum
1547 2836 1661 2907 circuli
1678 2834 1795 2906 descri-

261 2936 319 3009 bit.
370 2932 544 3021 Postquam
564 2929 728 3001 adscendit
758 2928 799 2999 ad
821 2925 884 3015 D,
918 2949 1052 2999 omnem
1073 2931 1108 2999 in
1138 2927 1291 3003 adscensu
1314 2930 1519 3003 velocitatem
1554 2933 1681 3003 amifit:
1714 2932 1791 3003 ideo

262 3035 415 3128 gravitate
436 3027 541 3100 rursus
562 3027 728 3098 descendit
745 3026 786 3095 ad
810 3026 871 3108 B,
908 3021 1139 3099 &velocitate
1165 3026 1318 3117 acquisita
1342 3031 1375 3098 in
1400 3028 1458 3113 B,
1491 3027 1656 3100 adscendit
1679 3030 1723 3102 ad
1748 3029 1793 3099 C.

265 3128 417 3223 Quando
437 3128 525 3195 enim
555 3124 661 3195 estin
693 3123 873 3214 pundisC
900 3119 935 3191 &
963 3119 1023 3208 D,
1045 3122 1092 3193 est
1112 3124 1201 3214 quali
1227 3126 1262 3193 in
1287 3122 1361 3196 CO
1386 3124 1490 3214 planis
1516 3127 1721 3221 tangentibus
1744 3148 1796 3197 ar·

264 3248 361 3310 cum,
387 3221 595 3293 &inclinatis
616 3221 799 3302 adsolum,
824 3223 857 3291 in
883 3220 1001 3309 quibus
1021 3222 1129 3313 gravia
1150 3218 1369 3306 descendunt,
1393 3240 1490 3311 atque
1517 3223 1560 3292 ita
1585 3221 1631 3291 est
1656 3225 1690 3294 in
1711 3245 1796 3315 quo·

261 3325 342 3395 libet
367 3322 491 3412 pontio
511 3341 603 3389 arcus
626 3316 694 3387 CB
718 3312 753 3386 dc
776 3315 880 3402 BD,
916 3304 985 3386 soio
1009 3316 1041 3389 B
1065 3336 1215 3408 excepto.
1266 3314 1313 3389 Hi
1338 3320 1402 3390 itus
1426 3317 1494 3389 aC
1514 3318 1556 3390 ad
1581 3316 1647 3407 D,
1680 3314 1792 3390 &re-

262 3421 347 3491 ditus
362 3416 430 3489 aD
457 3418 499 3488 ad
523 3415 577 3499 C,
602 3433 760 3487 vocantur
785 3414 1010 3509 Oscillationes
1035 3413 1086 3483 vel
1110 3417 1335 3490 Vibrntiones.

312 3536 343 3633 q.
370 3531 568 3607 DCXLlV.
597 3529 769 3622 Qtoniam
786 3530 964 3619 pendulum
979 3531 1052 3602 AB
1071 3531 1232 3602 elevatum
1258 3537 1291 3603 in
1318 3533 1381 3617 C,
1406 3531 1443 3605 dt
1467 3534 1696 3620 descendens,
1721 3559 1793 3609 eam
1823 3546 1917 3619 Τιω·

261 3636 401 3722 acquirit
432 3632 584 3723 gravitate
620 3625 851 3713 velocitatem,
885 3627 949 3714 qua
986 3626 1028 3694 ad
1063 3627 1221 3717 aequalem
1253 3628 1455 3701 altitudinem
1488 3630 1565 3703 BD
1600 3635 1793 3706 adscendere
1804 3629 1883 3692 XVI·

263 3728 382 3824 polit,
417 3723 453 3796 dt
481 3747 521 3795 ex
549 3720 584 3792 D
613 3721 839 3794 descendendo
869 3721 1063 3792 adscendere
1090 3722 1193 3792 rursus
1218 3720 1312 3814 poffit
1336 3722 1377 3793 ad
1403 3725 1464 3812 C,
1494 3726 1672 3817 pendulum
1697 3731 1795 3802 semel
1803 3708 1865 3783 th.
1881 3723 1914 3786 θ’
2011 3731 2016 3738 ’

262 3830 416 3924 agitatum
441 3820 639 3892 oscillabitur
658 3823 692 3889 in
715 3840 891 3905 aeternum3
917 3838 1015 3910 atque
1038 3817 1216 3911 aequalibus
1241 3821 1443 3912 temporibus
1468 3822 1685 3898 oscillationes
1698 3848 1739 3897 ex
1758 3827 1793 3899 C

264 3928 299 3995 in
322 3920 377 4004 D,
402 3917 437 3989 dt
459 3941 501 3989 ex
528 3918 566 3990 D
593 3915 678 3987 inC
704 3916 857 3987 absolvet.

313 4032 344 4131 §-
370 4031 549 4104 DCXLV.
575 4031 709 4102 Probari
725 4031 790 4102 hoc
805 4035 919 4123 nequit
945 4032 1014 4105 ullo
1040 4037 1291 4127 experimento:
1315 4058 1390 4108 nam
1415 4037 1486 4110 fieri
1509 4061 1579 4113 non
1603 4041 1730 4134 potest,
1754 4062 1791 4116 ut

262 4153 330 4206 arte
340 4128 941 4221 locumplanevacuumomnicorpore
954 4134 1173 4223 acquiramus:
1190 4136 1355 4206 nonenim
1371 4157 1507 4207 vacuum
1516 4137 1790 4213 Torricellianum

265 4251 321 4302 aut
330 4226 533 4318 Buyltunum
542 4225 730 4297 estomnino
743 4230 850 4298 omnis
867 4231 1016 4319 corporis
1030 4250 1169 4322 expers,
1179 4252 1255 4301 cum
1265 4230 1353 4327 Ignis
1363 4282 1374 4317 ,
1384 4230 1459 4304 Lux
1469 4285 1481 4318 ,
1491 4234 1644 4322 Fluidum
1654 4234 1792 4312 Elesiri·

264 4349 367 4409 cum,
400 4324 537 4414 aliaeque
567 4323 713 4425 quaedam
741 4324 959 4396 exhalationes
994 4325 1025 4395 se
1055 4348 1225 4418 penetrent
1257 4350 1316 4420 per
1341 4333 1452 4403 omnia
1474 4332 1545 4404 vasa
1569 4334 1790 4409 metallica&

265 4427 392 4507 vitrea,
418 4424 522 4511 iisque
539 4421 622 4511 saepe
648 4421 755 4492 insint:
781 4421 913 4493 Etiamfi
937 4422 1007 4493 haec
1028 4425 1207 4498 admodum
1232 4424 1356 4498 subtilia
1382 4429 1442 4502 fiut
1466 4429 1592 4521 fluida,
1625 4434 1788 4505 nihilomi-

267 4542 325 4594 nus
356 4517 502 4594 resistunt
535 4518 687 4595 omnibus
712 4522 931 4645 corpoqibus,
963 4543 1036 4617 quae
1066 4525 1100 4600 in
1132 4525 1385 4694 iffbmoventut.
1437 4547 1488 4633 aff.
1513 4527 1622 4609 Filum
1646 4529 1790 4691 flexiqqe

1224 4641 1245 4716 3
1685 4642 1729 4714 uu
1775 4653 1790 4708 τ
