4282 5962
472 275 558 375 266
680 259 803 357 DE
877 256 1798 353 ELE'CTRICLTATR

474 466 673 549 emtione,
695 458 879 553 Aquilone,
902 456 1021 541 Coro,
1044 452 1165 523 etiamsi
1189 472 1259 522 mm
1280 451 1440 525 interdum
1465 454 1581 546 pluat:
1605 455 1740 555 languet
1763 459 1901 551 spirante
1924 465 1996 538 tiu

473 567 573 652 ibo,
601 561 751 642 Africo,
784 553 966 646 Zephyro,
998 551 1145 643 inprimis
1172 547 1196 618 fi
1222 547 1417 638 tumpluat,
1441 550 1634 625 velentium
1659 556 1854 630 nebulosum
1878 558 1999 649 fuerit,
2031 568 2032 572 ’

474 661 582 753 qualia
613 655 779 749 quondam
808 653 827 727 d
853 649 949 723 Nob.
977 647 1111 737 Boyleo
1133 645 1231 716 etiam
1256 642 1422 716 observata
1442 646 1603 736 fuerumt
1633 656 1863 745 exceptionem
1889 677 2002 732 tamen

421 758 424 763 ’
472 758 583 828 inveni
603 755 657 823 die
682 752 740 823 28.
759 748 849 842 Junii
870 749 971 819 Anno
999 763 1106 836 1749.
1121 759 1199 813 cum
1221 761 1296 812 toto
1317 740 1371 811 die
1394 741 1558 832 pluebat,
1586 747 1703 821 calum
1727 772 1795 823 etat
1818 754 1999 827 hurnidiffi·

473 872 593 934 mum,
627 846 872 940 praenubilum,
906 842 1044 933 spirabat
1062 835 1263 930 impetuosus
1281 837 1425 922 Auster,
1458 840 1667 916 nihilominus
1689 871 1857 941 nunquam
1882 852 2007 923 melius

473 948 553 1022 milti
574 944 787 1018 successerunt
809 941 1056 1034 experimenta,
1087 936 1219 1032 egregie
1242 936 1374 1029 vigente
1400 935 1636 1026 eleelricitatet
1665 943 1766 1025 simiie
1789 949 1869 1037 qnid
1891 953 2007 1023 evenit

473 1047 529 1118 die
562 1046 612 1117 80.
638 1042 733 1132 Muyl
770 1041 999 1129 Anni-1753.
1029 1033 1166 1124 spirante
1194 1030 1343 1103 Favonio
1376 1027 1412 1101 dt
1435 1033 1598 1123 pluente:
1644 1036 1751 1135 Quod
1774 1062 1824 1116 ter
1846 1066 2007 1137 quaterve

474 1146 572 1214 etiam
597 1163 616 1211 a
646 1139 679 1210 se
704 1135 910 1208 observatum
941 1130 1087 1225 prodidit
1118 1127 1176 1201 cl.
1210 1125 1368 1198 Nollent
1398 1127 1511 1223 (a),
1541 1132 1773 1230 almamque
1804 1139 2005 1215 Gordonus.

474 1240 578 1319 Forte
599 1235 741 1317 Noun,
761 1254 838 1325 quae
859 1252 902 1304 eo
918 1248 1074 1339 ¹qempore¹
1091 1230 1125 1298 in
1149 1224 1292 1317 pluviam
1311 1226 1525 1313 uertebatur,
1554 1229 1771 1306 elediricitatis
1794 1236 1857 1309 fuit
1877 1239 2005 1330 plenis·

468 1337 574 1419 lima,
599 1335 773 1433 aeremque
795 1332 898 1425 magis
919 1326 1106 1398 eleilticum
1128 1322 1233 1414 fecit,
1257 1342 1356 1413 quam
1379 1342 1454 1394 ante
1478 1322 1594 1397 suetan
1642 1328 1766 1404 Verum
1789 1355 1859 1406 nun
1882 1357 2005 1412 omnes

474 1434 582 1505 nubes
604 1434 649 1504 ita
672 1429 745 1499 sunt
759 1445 977 1517 comparata,
1000 1424 1048 1494 uti
1070 1440 1113 1493 ex
1130 1418 1240 1491 multis
1254 1417 1426 1489 didicimus
1447 1420 1745 1516 observationibus,
1770 1453 1844 1502 nam
1870 1452 2005 1524 tempo·

473 1551 510 1600 re
529 1526 678 1618 pluvioso
698 1527 731 1593 in
752 1522 871 1617 Belgio
890 1521 1078 1591 eledlricitas
1104 1515 1297 1608 plerumque
1321 1512 1399 1585 filet
1448 1512 1539 1590 Hinc
1561 1521 1770 1620 intelligimus
1785 1531 2004 1620 quamobrem

472 1622 702 1695 ldio‘e'let‘irlca
727 1618 838 1687 fricata
865 1632 1100 1705 nonnunquam
1129 1613 1173 1682 ad
1202 1609 1405 1683 intervallrun
1438 1611 1556 1686 decern
1586 1617 1640 1688 vel
1672 1622 1847 1695 duodecim
1871 1625 2001 1716 pedum

351 1738 355 1745 ·
472 1736 668 1808 operantur,
693 1715 741 1783 uti
763 1713 861 1799 vidi,
886 1734 961 1803 quae
983 1710 1048 1781 udi
1069 1706 1256 1800 tempestate
1277 1706 1319 1777 ad
1342 1728 1522 1797 paucorum
1547 1731 1671 1786 tantum
1695 1718 1855 1806 pollicum
1880 1723 2003 1794 dilian-

470 1804 1133 1997 iilliipimtillifflinisiiisl
1156 1800 1486 1973 iseldis,
1502 1806 2001 1994 diiiiiiisiiilu'

558 1934 568 1981 l
1292 1949 1305 1985 a
1846 1933 1865 1981 e
1946 1935 2002 1986 lca

472 1998 730 2098 abripientibus,
757 1999 793 2073 dt
813 2022 874 2093 per
896 2018 998 2072 totam
1020 1997 1150 2070 massam
1170 1999 1298 2068 aiream
1323 1994 1617 2085 distribuentibus3
1646 2005 1764 2091 partim
1789 2026 1924 2096 quoque
1946 2011 2004 2082 in-

472 2103 616 2174 sessione
642 2098 820 2189 superficrer
841 2096 1138 2169 tnoeletbicorum
1157 2112 1356 2184 proventum
1377 2092 1592 2166 eleilricitatis
1617 2098 1880 2190 impedientibus

379 2279 381 2283 -
518 2229 551 2329 ᾗ.
577 2226 790 2303 DCCCLV.
814 2226 950 2298 Possunt
971 2245 1113 2313 corpora
1133 2221 1233 2293 dividi
1255 2224 1290 2292 in
1317 2224 1375 2293 tria
1399 2242 1537 2317 genera,
1569 2243 1616 2294 1⁰.
1643 2246 1782 2316 quorum
1807 2225 1914 2318 aliqua
1931 2252 2004 2306 rna.

471 2338 569 2428 gnam
591 2329 721 2419 copiam
745 2323 960 2394 eleiiricitatis
981 2319 1170 2412 colligere,
1193 2313 1230 2386 dt
1256 2316 1457 2405 aliquamdiu
1487 2320 1628 2388 retinere
1651 2321 1795 2410 possunt.
1845 2334 1896 2394 2⁰.
1920 2326 2001 2405 Alia

471 2429 545 2498 sunt
574 2446 648 2516 quta
667 2424 818 2514 exiguam
839 2418 944 2489 modo
959 2413 1029 2500 eius
1049 2415 1179 2502 copiam
1206 2412 1397 2499 recipiunt,
1423 2433 1486 2483 nec
1508 2412 1568 2483 diu
1590 2414 1787 2491 cusiodiunt.
1839 2441 1888 2512 3⁰.
1923 2424 2003 2500 Alia

432 2586 436 2595 ,
469 2523 543 2593 sunt
565 2540 640 2609 quae
666 2515 752 2583 sorte
784 2508 905 2580 nubam
932 2506 1130 2576 extrinsecus
1158 2504 1385 2575 adventantem
1417 2509 1580 2579 imbibunt
1603 2511 1857 2587 eleiiticitatem.
1893 2519 2001 2612 Quae

424 2610 428 2617 ’
471 2615 618 2707 sentienti
642 2609 744 2680 modo
768 2607 965 2677 invenimus:
991 2599 1103 2672 Phiala
1119 2598 1273 2673 vinum
1288 2600 1458 2674 dimidium
1482 2604 1789 2702 impleantque,
1814 2635 1888 2687 cera
1913 2619 2000 2716 figil.

471 2714 568 2798 laris,
590 2729 651 2802 per
677 2727 775 2796 quam
800 2720 897 2772 tenue
920 2696 1011 2768 filum
1039 2695 1179 2767 ferreum
1199 2715 1338 2769 nauseet
1359 2700 1397 2771 in
1417 2720 1535 2791 aquam
1559 2722 1684 2793 usque,
1709 2706 1837 2780 claudat
1860 2715 2000 2808 gulam

473 2808 663 2882 elesiricitas
695 2822 807 2873 rotatae
837 2796 967 2888 sphaerae
998 2794 1138 2878 umere,
1168 2814 1244 2865 curn
1271 2793 1513 2867 camlkserreo
1537 2795 1574 2869 dt
1598 2819 1713 2872 catena
1735 2814 2004 2904 communicata,

474 2904 706 2980 transmittatur
735 2901 769 2969 in
797 2893 937 2988 phialam
967 2910 1027 2984 per
1043 2888 1139 2971 filum
1161 2888 1301 2961 ferreum
1325 2894 1448 2965 catena
1478 2897 1685 2986 appensum,
1718 2903 1929 2989 copiofiffima
1959 2914 2001 2984 in·

386 3056 388 3061 .
438 3043 448 3055 ·
473 3000 583 3096 phiala
606 2997 799 3093 colligetur,
823 3012 898 3083 quae
921 2985 1004 3080 saepe
1028 2987 1086 3079 36.
1109 2984 1198 3057 horis
1217 2986 1366 3077 perstat,
1397 2988 1488 3081 quod
1512 2990 1536 3061 li
1559 2990 1677 3085 phialae
1699 3014 1772 3085 pars
1794 2997 1926 3073 inferior
1950 3010 1994 3078 ad

474 3097 677 3171 altitudinem
700 3114 793 3184 aqua
811 3110 910 3162 manu
931 3087 1106 3178 capiatur,
1137 3078 1173 3154 ἃ
1191 3083 1290 3154 ultera
1308 3105 1423 3156 manus
1446 3084 1506 3157 silo
1528 3085 1636 3159 ferreo
1657 3090 1712 3162 nel
1734 3111 1856 3165 catenae
1880 3099 2000 3173 admo-

472 3216 606 3278 veatur,
630 3190 667 3260 fit
690 3188 836 3279 exploso
859 3183 1001 3255 scintille
1019 3179 1291 3253 uehementissime
1312 3190 1445 3253 manum
1470 3177 1539 3255 dc.
1562 3190 1819 3261 commoventis:
1844 3213 1884 3263 en
1900 3198 2000 3270 vehe-

472 3292 595 3361 mentia
616 3283 813 3374 exploiionis
837 3279 1009 3350 aestimatur
1031 3278 1129 3369 copia
1148 3274 1295 3347 collesiae
1316 3277 1530 3351 eleilricitatis
1546 3330 1563 3365 ,
1593 3276 1631 3350 dt
1653 3304 1694 3353 an
1718 3283 1854 3357 infusum
1880 3291 2004 3380 phialae·

473 3405 595 3473 corpus
609 3378 766 3462 multum,
790 3397 923 3467 patum,
947 3374 1000 3447 vel
1013 3373 1093 3446 nihil
1111 3371 1333 3447 elebiricitatis
1348 3374 1530 3447 imbiberit:
1554 3375 1720 3451 fortissima·
1741 3380 1839 3476 igitur
1854 3384 2003 3478 sequitur

475 3474 640 3552 'concussto
653 3475 694 3543 ab
709 3474 827 3565 Aqua,
852 3471 1045 3560 Mercurio,
1059 3470 1250 3571 Amalgama
1263 3491 1489 3564 quocunque,
1512 3471 1749 3573 Plumbagine,
1771 3475 1860 3551 Oleo
1868 3481 2000 3560 Tartari

476 3588 536 3668 pet
557 3571 763 3661 deliquium,
795 3572 892 3665 Aqua
915 3568 1020 3658 sorti,
1045 3570 1158 3643 Aceto
1181 3566 1287 3653 Vini,
1313 3568 1414 3657 Bile,
1439 3568 1546 3642 Urina
1569 3568 1752 3661 Humana,
1779 3574 2002 3671 Atramento,

476 3669 648 3784 Limatnra·
664 3666 754 3740 Ferri
775 3691 885 3760 pura,
915 3690 984 3742 non
1004 3666 1201 3765 rubiginosa.
1250 3664 1316 3737 Sed
1338 3664 1502 3759 antiqua
1524 3669 1658 3782 quidem
1683 3668 1792 3743 sorbet
1813 3678 2005 3771 retinetque

327 3804 425 3950 xil
475 3763 1428 3956 illisi,iiiiiilltllitislblsff
1442 3763 1999 3964 diffidat-’nilne
2072 3922 2077 3933 .

328 3965 426 4045 'lg-5·
477 3964 622 4060 plenus,
656 3962 822 4051 pendebat
848 3981 889 4031 ex
920 3958 976 4029 filo
999 3960 1101 4031 serico
1120 3956 1214 4029 DG.
1238 3958 1273 4030 in
1299 3958 1435 4048 Aquam
1454 3957 1484 4029 B
1508 3956 1687 4049 pellebamr
1709 3957 1907 4037 eleiiticitas
1930 3973 1999 4045 cir·

479 4058 622 4135 cutnsusa
647 4066 733 4136 circa
766 4052 867 4143 KH,
903 4076 968 4146 ope
1000 4054 1046 4126 lili
1075 4054 1169 4127 ferrei
1198 4053 1297 4127 [Μ.
1316 4055 1383 4148 jam
1415 4058 1455 4127 in·
1471 4054 1639 4148 tiphonem
1664 4075 1812 4146 apertum
1837 4063 2004 4143 influebat

477 4161 599 4253 Aqua,
623 4160 755 4232 effluens
780 4176 821 4226 ert
848 4153 950 4225 altero
974 4172 1122 4224 extremo
1140 4150 1201 4245 E,
1224 4173 1317 4225 motu
1336 4151 1511 4225 retardato.
1556 4147 1702 4247 Quando
1727 4176 1830 4246 aqua,
1855 4182 1928 4250 qne
1954 4166 2002 4234 s.

476 4265 625 4363 phonem
645 4254 772 4356 ingredi
797 4268 924 4346 poterat
945 4270 988 4322 ex
1010 4247 1082 4324 vase
1102 4250 1158 4340 B,
1183 4249 1407 4326 transfluxerat
1426 4253 1465 4325 itt
1483 4270 1539 4326 uas
1561 4249 1614 4323 At
1650 4249 1759 4324 sustuli
1782 4275 1836 4328 vas
1862 4256 1920 4346 A,
1954 4258 1999 4331 dt:

1926 4377 2004 4456 ⁰90

520 4551 573 4635 (a)
592 4546 757 4621 &merces
776 4545 823 4610 sut
844 4541 1200 4631 l’illeiiritlttptnrps.
