4282 5962
354 206 356 210 ’
482 194 585 300 mr.
621 208 829 313 roco,
859 206 1196 298 rampone
1234 209 1319 301 ur
1355 211 1579 306 Moru,
1742 246 1793 330 73

266 407 304 483 dt
329 409 512 503 Reflexum.
561 406 714 479 Dtreuus
733 403 802 491 est,
827 428 902 477 cum
926 428 1046 498 corpus
1070 407 1216 479 Acutrit
1236 405 1272 477 D
1293 407 1418 478 versus:
1445 408 1602 484 Reflexus
1625 414 1692 499 est,
1716 435 1790 485 cum
1803 459 1868 520 Trb
1888 461 1916 519 Π
2078 406 2082 411 ’

266 508 438 600 postquam
451 530 471 578 a
486 509 608 596 pundo
628 504 664 575 A
684 504 826 576 cucurrit
842 503 883 574 ad
897 501 955 591 Ι),
978 526 998 573 a
1021 503 1056 574 D
1086 504 1169 578 redit
1184 503 1284 575 adA-
1309 503 1427 590 verz,
1451 506 1562 578 velY.
1587 510 1791 581 Addiderunt
1870 504 1877 520 ‘
1916 501 1926 520 '

266 605 322 676 alii
335 603 459 677 Erudlti
480 597 612 676 Motur'a
635 599 834 696 Refraiiam
857 623 933 673 cum
956 623 1077 694 corpus
1099 621 1142 672 ex
1164 603 1216 674 vla
1239 604 1274 672 in
1292 600 1387 673 aliam
1411 601 1550 691 tranlit,
1583 626 1661 694 quae
1682 609 1791 679 ambae

269 701 420 799 angulum
442 699 746 794 comprehendunt,
768 700 963 791 plerumque
985 697 1166 784 obtusum,
1196 697 1295 770 veluti
1311 695 1348 768 Iit
1376 720 1452 770 cum
1475 700 1582 771 radius
1604 700 1689 773 Sulla
1710 703 1795 773 obli·

267 800 385 892 quein
413 795 550 870 fluidum
567 796 770 891 pellucidum
783 795 932 868 illabitur.
981 795 1047 867 Sed
1064 795 1120 868 hic
1132 794 1220 867 haud
1233 793 1333 866 dubie
1353 795 1400 866 est
1422 816 1533 869 motus
1555 800 1768 892 composttus.

264 960 271 969 -
311 908 343 1012 5.
368 910 512 987 CCVII.
536 911 643 985 Linea
665 913 844 1005 ieorpore
863 928 957 982 moto
982 908 1170 1004 descripta,
1201 928 1257 982 aut
1285 910 1465 1001 percursa,
1498 931 1633 985 vocatur
1660 934 1796 1006 quoque

261 1013 421 1106 Spurium
447 1011 634 1103 icorpore
647 1007 845 1100 percursum.
1089 1010 1092 1014 ’

316 1124 347 1223 I
373 1126 544 1199 CCVlll.¹
560 1123 771 1200 Direiiioest
790 1123 876 1197 linea
897 1126 1003 1211 redia,
1030 1144 1110 1216 quae
1133 1123 1272 1196 dutiai
1298 1130 1644 1220 corporeconcipitur
1669 1147 1795 1218 partem

201 1313 205 1319 ι
268 1224 394 1308 aerius,
420 1245 485 1315 qua
502 1225 632 1296 nititur:
655 1222 755 1293 autin
769 1242 863 1312 qua,
896 1222 1107 1293 unoveatur
1119 1271 1134 1317 ‚
1166 1219 1400 1317 progreditur:
1430 1221 1580 1317 adeoque
1603 1223 1797 1296 direitiones

268 1319 340 1392 lunt
354 1322 467 1392 diuerll
488 1321 562 1391 fitus
583 1321 790 1413 spatiorum,
813 1340 887 1409 quae
899 1339 1156 1411 percurruntur,
1181 1337 1236 1389 aut
1257 1337 1496 1409 percurrentur.

319 1433 353 1524 §.
377 1433 505 1507 CCIX.
530 1434 565 1507 Si
587 1453 680 1506 motu
703 1431 838 1524 simplici
866 1454 1011 1525 corpus,
1043 1453 1112 1503 non
1140 1450 1177 1502 ut
1205 1435 1393 1523 punitum,
1434 1433 1695 1522 confideratum,
1727 1457 1800 1508 mo·

267 1549 407 1616 ventur,
440 1530 574 1624 ejusque
596 1550 732 1624 partes,
774 1549 872 1600 unam
897 1528 1019 1599 molem
1049 1528 1257 1618 efficientes,
1293 1528 1440 1602 absolute
1460 1530 1706 1619 cohterescant,
1740 1537 1800 1605 crit

269 1646 379 1699 motus
392 1648 452 1719 per
461 1649 578 1701 omnes
595 1627 663 1720 ejus
684 1645 793 1717 partes
806 1625 977 1718 aqualiter
999 1624 1196 1697 distributus.

313 1739 347 1830 §.
375 1739 486 1814 CCX.
512 1740 741 1840 Quamobrem
766 1758 834 1812 tota
851 1739 1013 1833 quantitas
1030 1758 1140 1811 motus
1160 1759 1259 1831 aeque
1281 1740 1412 1813 dividua
1432 1742 1564 1836 concipi
1582 1741 1716 1834 potest,
1756 1761 1797 1813 ac

263 1842 405 1930 corpusr'
428 1841 553 1932 eritque
575 1835 612 1910 in'
631 1838 755 1937 lingula
783 1841 932 1929 corporis
953 1855 1045 1928 parte
1057 1837 1313 1929 propordonabs
1331 1839 1548 1935 magnitudini
1562 1859 1748 1930 corporeae.

312 1949 344 2049 I.
370 1950 499 2026 CCXI.
523 1951 619 2051 Ergo
633 1973 743 2026 motus
759 1954 920 2044 quantitas
931 1951 974 2023 ab
988 1951 1142 2023 omnibus
1160 1953 1309 2042 corporis
1333 1954 1477 2044 partibus
1491 1952 1583 2026 fimul
1607 1955 1704 2024 motis
1717 1974 1798 2043 pen·

263 2049 373 2135 debit,
400 2070 557 2142 quatenus
581 2054 615 2123 in
637 2051 780 2123 eundem
801 2069 930 2124 motum
942 2047 1144 2140 conspirant.
1193 2043 1367 2142 Quantitas
1383 2072 1502 2124 »motus
1525 2054 1622 2122 etiam
1651 2049 1799 2121 iceleri·

264 2162 360 2232 tate,
404 2149 469 2238 qui
491 2169 614 2238 corpus
639 2168 817 2233 movetur,
836 2145 988 2238 pendet:
1023 2146 1067 2215 ita
1091 2165 1127 2215 ut
1149 2162 1217 2215 tota
1237 2149 1399 2235 quantitas
1423 2168 1534 2220 motus
1558 2148 1595 2217 stt
1616 2150 1649 2217 in
1674 2150 1800 2217 radone

262 2242 444 2401 compositi
474 2264 516 2313 ex
548 2243 773 2336 magnimdine
801 2237 837 2310 dt
866 2239 1021 2310 densitate
1053 2242 1233 2328 corporis,
1281 2259 1351 2309 tum
1378 2243 1542 2313 celeritate
1566 2239 1601 2312 &
1625 2263 1799 2332 tempore:

266 2334 342 2405 Prae
370 2356 425 2403 are
459 2339 632 2421 opinamur
654 2338 688 2403 in
713 2333 848 2418 Physrci
871 2336 1083 2421 quantitatem
1108 2335 1254 2414 virium,
1299 2355 1398 2420 quam
1427 2357 1541 2404 motus⁴
1569 2337 1800 2419 considerare,

1800 561 1863 640 rig.
1875 574 1922 633 rs.

267 2432 346 2596 poia
373 2428 414 2498 ad
437 2426 686 2520 phaenomena,
712 2447 806 2498 antea
826 2447 896 2509 non
925 2426 1010 2496 bene
1029 2424 1219 2516 perpensa,
1252 2425 1370 2496 melIus
1388 2427 1598 2524 intelligenda
1618 2430 1683 2500 hoc
1703 2433 1801 2522 pauo

290 2546 428 2597 utimur.

312 2631 344 2730 ᾗ.
381 2629 526 2704 CCXII.
561 2631 595 2704 Si
627 2652 747 2724 corpus
776 2630 809 2700 A
844 2649 993 2713 motum,
1018 2627 1165 2717 Spatium
1188 2627 1277 2700 idem
1296 2630 1438 2702 breviori
1461 2653 1630 2724 tempore,
1654 2637 1801 2727 quamB

262 2748 466 2901 {erm-p}
481 2748 538 2801 aut
560 2727 661 2821 majus
690 2726 837 2820 Spatium
860 2728 931 2818 pati
951 2742 1100 2816 tempore
1123 2742 1223 2816 quam
1236 2722 1264 2795 B
1278 2773 1296 2818 ,,
1323 2725 1441 2799 dititur
1456 2729 1490 2800 A
1506 2731 1636 2803 celerias
1656 2739 1802 2821 moveri,

311 2938 343 3038 I.
369 2893 532 3013 CCXIII.
556 2934 615 3007 llla
642 2937 742 3031 igitur
758 2935 908 3026 corporis
934 2931 1065 3006 mobilis
1082 2930 1235 3020 aliedlio‚
1260 2954 1325 3026 qua
1338 2932 1416 3004 dato
1431 2952 1580 3026 tempore
1594 2936 1704 3008 datum
1720 2936 1801 3030 Spa·

267 3039 350 3150 tium
370 3039 543 3146 percurrit,
568 3048 701 3102 vocatur
730 3036 888 3107 Celeritas
903 3033 956 3105 vel
980 3030 1156 3144 Velocitar.
1183 3030 1304 3144 qullus
1323 3029 1417 3144 datur
1440 3052 1549 3127 motus
1573 3031 1692 3146 absque
1715 3035 1804 3107 eele-

188 3158 197 3187 '
266 3125 1218 3399 {ppeppnapnpppuppppppffimnqpqdnp
1229 3127 1804 3316 §libididemliilii

303 3347 418 3420 empus
431 3343 553 3395 interea
570 3341 642 3411 eap
656 3343 726 3400 um.

312 3438 349 3537 I.
374 3435 537 3510 CCXIV.
572 3433 606 3501 Si
633 3435 783 3523 corporis
813 3433 958 3508 celeritas
995 3435 1110 3507 eadem
1139 3457 1289 3521 maneat,
1314 3437 1460 3528 Spatium
1488 3439 1676 3530 percursum
1706 3438 1807 3513 instar

269 3537 427 3627 temporis
446 3549 597 3627 augetur:
623 3527 657 3598 Si
672 3528 823 3622 proinde,
849 3531 994 3602 celeritas
1007 3536 1157 3621 corporis
1180 3533 1410 3624 multiplicetur
1425 3538 1459 3605 ln
1477 3557 1626 3627 tempus,
1652 3537 1742 3628 quod
1760 3538 1806 3607 la·

273 3636 379 3716 bitur,
405 3628 482 3700 dum
502 3644 622 3716 corpus
637 3644 811 3712 movetur,
834 3624 1005 3697 habebitur
1032 3627 1177 3717 Spatium
1198 3651 1375 3718 acorpore
1395 3632 1592 3720 percursum.
1617 3631 1662 3703 Et
1686 3634 1708 3701 ii
1725 3634 1806 3723 Spa·

271 3733 352 3802 tlum
379 3726 398 3796 i
423 3742 564 3815 corpore
586 3720 774 3811 percursum
795 3722 953 3793 dividatur
972 3743 1143 3813 tempore,
1168 3723 1384 3819 cognoscetur
1402 3725 1573 3800 Celeritas.
1611 3728 1644 3808 Si
1659 3728 1806 3820 Spatium

275 3829 454 3915 acorpore
476 3819 661 3911 percurium
684 3818 844 3890 dividamr
867 3819 887 3888 i
915 3817 1097 3903 celeritate,
1121 3818 1293 3890 habebitur
1310 3820 1469 3914 Tempus.

274 3944 279 3949 ·
325 3935 358 4049 §-
381 3930 523 4004 CCXV.
548 3928 767 4002 Estceleritas
787 3930 942 4024 quae'dam
963 3931 1181 4029 magnitudo,
1207 3930 1270 4002 five
1295 3935 1487 4025 quantitas;
1512 3933 1620 4025 potest
1635 3937 1721 4010 enim
1736 3933 1806 4010 lieri

276 4054 380 4126 major
402 4033 594 4119 mInorque,
619 4048 716 4120 atque
741 4025 888 4100 infinitos
909 4051 1025 4122 capere
1039 4028 1173 4125 gradus:
1198 4049 1273 4099 nam
1293 4050 1414 4121 corpus
1434 4032 1466 4100 A
1486 4032 1592 4121 potest
1609 4034 1753 4124 Spatium
1768 4055 1807 4104 u·

276 4135 350 4203 nius
367 4126 460 4220 pedIs
475 4144 660 4214 percurrere
680 4127 763 4196 intra
784 4124 921 4211 horam,
945 4130 1028 4199 Intra
1039 4125 1176 4222 ejusd-3
1207 4124 1261 4196 vel
1273 4127 1357 4198 intra
1374 4126 1442 4219 ejus
1472 4121 1561 4235 {aas
1588 4150 1731 4221 partem:
1746 4128 1806 4200 Est

275 4249 346 4300 tum
381 4221 528 4297 celeritas
555 4221 667 4293 uldma
698 4221 793 4315 3600
830 4222 933 4318 major
957 4245 1055 4317 quam
1078 4226 1207 4317 prima,
1241 4218 1277 4293 δι
1307 4223 1447 4298 secunda
1470 4230 1609 4318 primam
1632 4226 1807 4325 semgefiei

280 4324 416 4415 superat.

325 4456 360 4561 p
385 4442 661 4569 ccxvi-Qua
680 4430 858 4533 celeritates
873 4454 946 4531 sunt
960 4457 1212 4627 ωςωὲιιᾱὶιιεε,
1236 4477 1303 4553 ope
1322 4453 1498 4560 Linearum
1512 4464 1670 4538 tetrarum
1682 4481 1806 4634 repsreap·
