4282 5962
305 299 388 385 226
575 284 689 377 DE
728 268 1569 370 vlu·113us·cENT1tA-‘Liuus.

305 509 432 562 torumr
457 483 569 558 Terre
591 476 858 551 semidiametmm
884 469 948 542 else
973 492 1012 556 1,
1039 465 1076 542 bt
1100 490 1228 563 tempus
1251 467 1456 566 periodicutit
1481 470 1568 553 circu
1590 484 1675 557 uxin‘
1691 484 1754 559 esse
1768 495 1832 584 23ss

303 584 479 671 liommnr,
505 579 564 673 56.
587 576 806 658 minutum,
831 566 868 643 ἃ
895 592 932 662 4.
952 570 1031 640 min.
1056 567 1197 642 Secund.
1338 586 1342 595 ¹

355 714 386 812 q.
410 702 658 782 DCCXLVII.
683 699 882 774 Eminunc
910 699 1031 791 poterit
1048 698 1097 770 vis
1120 696 1297 798 centrifugs
1321 721 1498 797 corporum
1524 710 1559 783 in
1585 709 1699 789 Terrae
1723 716 1832 816 super.

287 812 399 904 scie,
424 807 478 880 sed
501 804 558 877 sub
582 801 703 876 diversa
723 798 918 885 latitudine,
943 792 979 868 ἀ
1002 798 1183 909 comparari
1207 815 1283 870 cum
1306 801 1338 872 ui
1362 807 1535 899 gmvitutis.
1586 807 1667 979 quo
1693 816 1835 893 circulus

304 906 484 1000 AEquetori
510 899 680 995 parallelus
699 897 745 968 eii
766 895 896 987 major,
920 897 969 968 vis
991 890 1172 989 eentnsugs
1196 914 1372 986 corporum
1397 900 1443 971 est
1467 902 1580 996 major.
1630 912 1674 983 ub
1689 913 1834 1008 'AEqua.

306 1026 379 1079 tore
400 1004 447 1075 vis
468 998 650 1095 cenrtifugu
675 993 721 1066 est
740 993 861 1066 diresie
890 990 1041 1084 oppositu
1066 992 1212 1089 gravitati
1238 988 1273 1063 δι
1299 997 1446 1068 omnium
1472 1004 1639 1093 maxima3
1671 1009 1749 1082 ideo
1774 1015 1835 1086 ad·

301 1107 371 1177 dite
391 1101 535 1198 gravitati
558 1097 613 1169 det
640 1112 743 1165 totam
762 1091 968 1188 gravitatem:
994 1088 1062 1161 Sub
1084 1086 1168 1179 polo
1192 1089 1280 1161 nulle
1305 1091 1351 1162 est
1375 1094 1424 1167 uis
1447 1097 1653 1198 cenuifugs,
1678 1108 1834 1202 adeoque

303 1203 352 1273 tbi
378 1218 448 1270 rota
466 1197 514 1268 est
593 1195 672 1264 vitas
695 1191 729 1260 in
749 1209 787 1260 eu
811 1189 830 1258 l
857 1199 972 1260 centro
1000 1184 1112 1258 Terrae
1135 1184 1308 1257 distentia:
1340 1187 1379 1261 ln
1403 1195 1593 1291 regionibus
1616 1200 1701 1274 inter
1725 1228 1837 1299 aequa·

304 1318 411 1371 torem
435 1290 472 1365 u
496 1314 544 1384 po
557 1314 613 1363 um
634 1287 830 1359 intermediis
853 1287 900 1358 vis
927 1281 1107 1380 centrisuge
1129 1304 1198 1354 non
1220 1284 1372 1370 directe,
1398 1290 1452 1360 sed
1477 1295 1612 1388 oblique
1645 1300 1691 1370 eil
1724 1325 1836 1397 oppo-

303 1396 362 1469 fita
380 1393 547 1491 gravitati,
572 1389 722 1477 adeoque
745 1404 818 1476 pars
841 1385 956 1455 virium
979 1380 1230 1478 centrisugstum
1252 1380 1299 1452 est
1323 1384 1427 1456 modo
1452 1388 1575 1463 direeie
1599 1399 1747 1488 opposta
1760 1422 1837 1497 grs-

304 1495 424 1576 vituti‚
459 1511 533 1581 quae
566 1507 640 1578 pets
670 1482 717 1553 est
746 1502 789 1551 eo
821 1481 955 1565 minor,
989 1500 1059 1570 quo
1090 1477 1175 1549 finus
1198 1480 1431 1570 complementi
1454 1483 1630 1563 lutimdinis
1655 1496 1701 1566 est
1724 1502 1838 1573 minor

303 1598 405 1682 quarn
428 1587 513 1658 finus
535 1600 634 1653 totus.
684 1575 773 1648 Hinc
797 1579 844 1649 vis
873 1575 1080 1670 centrifugs,
1111 1595 1269 1665 quatenus
1294 1576 1381 1648 tollit
1404 1601 1529 1671 partem
1553 1593 1747 1680 gravitatis,
1787 1596 1837 1667 se·

329 1689 415 1756 uitur
442 1682 602 1751 rationem
637 1673 853 1763 compositum
886 1692 928 1743 ex
958 1672 1050 1743 tudio
1081 1670 1278 1762 AEquatoris
1305 1674 1347 1746 ad
1380 1677 1504 1751 rudium
1530 1684 1642 1755 circuli
1666 1691 1838 1782 paralleli,

302 1708 342 1853 21
374 1799 416 1848 ex
449 1776 649 1856 suntote,
680 1770 723 1840 ed
757 1770 860 1839 smum
892 1768 1127 1859 complementi
1152 1767 1343 1841 latitudinis:
1369 1770 1457 1867 Quia
1481 1776 1585 1846 ambae
1611 1781 1662 1852 hae
1687 1792 1837 1861 rationes

301 1878 376 1950 sunt
397 1870 584 1945 sensibiliter
601 1866 773 1958 equales,
808 1886 883 1956 pars
912 1867 1027 1937 virium
1059 1864 1336 1960 centrisugtrum‚
1367 1891 1441 1962 quae
1465 1869 1586 1944 ditesle
1610 1877 1657 1947 est
1680 1887 1839 1972 opposita

303 1974 471 2075 gravitati,
497 1966 600 2040 tendit
621 1961 839 2036 decrescendo
861 1964 903 2034 ab
928 1961 1116 2054 AEquutote
1135 1961 1177 2033 ad
1200 1961 1336 2053 polum,
1360 1970 1408 2037 uti
1422 1967 1574 2060 quadratu
1596 1973 1719 2048 fiuuum
1736 2001 1836 2052 com-

301 2071 461 2165 plementi
490 2063 676 2136 latitudinis.
727 2058 811 2132 Non
840 2079 965 2133 tantum
999 2057 1242 2132 confiderendae
1266 2058 1338 2135 suut
1360 2065 1446 2138 vites
1468 2066 1626 2141 centreles
1651 2093 1837 2165 corporum

298 2186 469 2241 motorum
494 2165 528 2234 in
546 2162 652 2233 curvis
678 2156 860 2251 jacentibus
890 2161 925 2228 in
949 2155 1055 2248 planis
1079 2152 1343 2247 quiescentibus,
1368 2161 1469 2233 veluti
1492 2162 1661 2257 hucusque
1686 2173 1839 2246 confide·

299 2265 460 2347 ravimus,
486 2258 542 2331 sed
567 2260 665 2329 etiam
694 2275 862 2325 motorum
883 2256 918 2324 in
942 2253 1069 2345 planis,
1095 2273 1169 2343 quae
1194 2256 1477 2355 circumagam
1489 2308 1503 2347 ‚
1527 2259 1582 2334 sed
1607 2286 1651 2337 ne
1674 2269 1839 2359 prolixio—

301 2382 355 2435 res
378 2358 570 2440 evadamus,
593 2354 636 2425 ab
662 2344 809 2424 ulteriori
836 2352 985 2420 examine
1008 2349 1217 2420 abstinemus.

350 2487 383 2588 §-
407 2482 675 2560 DCCXLVlll.
699 2480 828 2554 Vitium
851 2476 1102 2572 centrifitgmum
1127 2474 1288 2561 caleulum
1312 2482 1436 2573 primus
1458 2485 1563 2559 iniens
1588 2487 1680 2560 Nob.
1714 2488 1833 2587 Hegea

303 2590 376 2659 nius
403 2584 485 2677 (a)
506 2585 548 2655 ab
571 2581 685 2673 injuria
720 2576 893 2649 oblivionis
922 2592 1045 2645 nomen
1069 2571 1211 2644 asseruit:
1236 2575 1348 2667 postea
1373 2579 1457 2653 hanc
1481 2581 1660 2658 doslrinarn
1684 2587 1831 2680 pluribus

300 2678 572 2769 subtilissimisque
595 2676 734 2747 inventis
750 2687 985 2764 promoverunt
1008 2666 1080 2739 Viti
1099 2673 1190 2741 omni
1215 2669 1314 2756 leude
1338 2675 1498 2769 majores,
1518 2681 1708 2769 ,Newtonus
1734 2685 1832 2779 (b).

302 2775 432 2851 Keilius
457 2773 544 2869 (c).
577 2770 751 2844 Moivreus
772 2767 868 2862 (d).
898 2764 977 2858 Juh.
999 2763 1207 2838 Bemoullius
1232 2767 1321 2868 (e).
1352 2772 1576 2855 Macletumus
1599 2780 1678 2878 (f).
1709 2780 1831 2870 ‘suras

303 2872 471 2950 vesundius
495 2867 570 2970 (g)
596 2867 772 2961 pluresque
789 2863 864 2951 alii,
891 2864 948 2955 qui
972 2858 1096 2935 consuli
1117 2860 1261 2956 possunt.

343 3065 401 3144 (a)
424 3065 458 3126 In
482 3062 631 3144 Operibus
652 3057 825 3140 posthumis.

342 3147 404 3226 (b)
424 3145 553 3223 Princip.
578 3141 687 3223 philos.
707 3138 804 3200 Metb.
827 3133 894 3197 Lib.
912 3149 941 3197 ι.

344 3229 403 3296 (c)
423 3224 584 3285 introduel.
607 3221 643 3281 sd
668 3234 766 3280 vetem
784 3214 896 3292 Phyiic.
918 3213 947 3276 δι
972 3214 1004 3276 in
1027 3213 1138 3280 Philus.
1158 3218 1305 3284 Trium&
1324 3226 1383 3291 N..
1399 3242 1467 3303 ³¹7·

342 3300 406 3377 (s)
428 3300 592 3362 Miscellan.
614 3295 759 3375 Analytic·
776 3292 843 3356 le.
859 3300 888 3361 1.
911 3294 981 3372 Cep.
998 3308 1013 3354 1
1030 3292 1103 3359 ste.

366 3379 398 3452 θ)
420 3379 551 3455 ΟΡθῐΙΙῙΠ
574 3376 645 3440 leo
663 3392 689 3438 1·
709 3375 769 3436 No·
787 3378 844 3445 8⁶2
865 3379 920 3449 879
942 3378 991 3438 8⁸·

382 3456 553 3597 >gentile
581 3456 617 3519 ol
641 3453 782 3518 illusione
808 3455 896 3517 Book
918 3468 946 3518 1.
971 3452 1026 3517 Cb.
1047 3464 1086 3519 ιι
1108 3453 1227 3522 (surr.
1258 3456 1287 3522 ss
1313 3458 1345 3524 in
1372 3459 1481 3529 Phlius
1500 3458 1676 3530 aurovenes
1697 3462 1835 3542 motu

307 3610 315 3619 ·
342 3612 407 3697 (g)
427 3550 576 3682 utilius.
595 3611 706 3696 mxu.
727 3612 796 3681 uu.
808 3630 835 3682 1.
858 3612 930 3695 cap.
946 3623 995 3687 η
