4282 5962
468 302 591 393 uu
674 298 1577 395 uuacrutcrraru
1710 309 1790 421 ΩΒ

213 478 216 483 ’
265 517 310 572 eo
327 498 466 592 repelli,
491 496 528 572 dt
543 502 577 570 in
591 497 801 571 aire’utante
816 516 937 595 nanu.
983 494 1128 568 naum
1142 495 1317 589 explicatio
1340 499 1493 571 omnibus
1516 498 1788 593 sedssadiuta-stt,

271 614 339 669 tem
387 597 566 670 edocebit.

235 708 241 719 ·
313 618 441 769 Plaluir
463 690 660 767 solertissimo
685 690 866 765 Franklino
889 688 1140 762 Eleelricitatem
1164 691 1358 787 distinguere
1381 694 1416 764 in
1440 694 1630 788 Postrioam
1654 696 1690 771 Β
1714 704 1794 774 Νι·

259 795 415 892 griseam
438 816 452 865 .·
475 790 596 861 sivein
621 790 793 885 Excrfflrm
817 785 855 859 δι
876 788 1081 878 Balesium:
1111 788 1217 881 qualis
1241 791 1343 862 aderit
1359 840 1378 876 ,·
1405 791 1536 883 quaudo
1570 792 1730 867 Eledlrica
1759 802 1795 874 in

264 891 299 962 se
322 890 555 981 operabuntur:
584 886 831 1002 Art-inroenim·
848 889 1070 991 concipiamus
1095 887 1256 957 omnibus·
1271 888 1465 979 corporibus
1489 890 1791 985 naturaliterquan·

262 980 1178 1177 lisllffiallt‘lirilf‘aalil‘nlluffill?
1187 987 1415 1172 ,issisti
1428 980 1473 1057 ἃ
1490 986 1519 1056 ¹³
1536 1035 1558 1073 ”
1580 1008 1709 1082 ”ffl‘l‘
1733 1012 1801 1139 ¹²³¹}

313 1200 366 1252 2⁰.
397 1177 538 1251 Manere
562 1175 668 1269 potest
692 1179 727 1248 in
750 1176 788 1249 Α
806 1176 921 1247 eadent
946 1176 1166 1251 eledlricitatis
1190 1179 1306 1270 copia,
1333 1175 1370 1249 Β
1393 1183 1427 1249 in
1452 1178 1481 1250 Β
1505 1181 1718 1273 decrescere,
1746 1185 1797 1261 ti-

265 1277 321 1350 lici
345 1279 467 1369 potent
490 1276 518 1347 Β
542 1275 584 1347 ad
608 1273 656 1346 Α.
681 1271 717 1345 &
737 1272 871 1364 adipisci
890 1274 1144 1347 eleslricitatem.
1239 1358 1243 1365 Ι
1378 1306 1381 1311 ·

313 1381 373 1467 39.
407 1372 519 1445 Minui
551 1370 657 1463 potest
688 1369 838 1443 naturalis
867 1369 1070 1443 Eleslriciras
1096 1375 1131 1442 in
1157 1374 1190 1443 A
1222 1368 1317 1445 &in
1336 1372 1394 1458 B,
1425 1394 1567 1449 tuamen
1594 1378 1700 1468 potest
1720 1379 1801 1471 plus

267 1467 426 1562 superesse
452 1470 488 1543 in
514 1471 547 1540 A
574 1489 672 1561 quam
691 1472 726 1540 in
749 1467 808 1553 Β,
837 1471 981 1560 rapietur
1011 1470 1128 1539 iterum
1154 1468 1187 1541 Β
1211 1469 1254 1540 ad
1273 1471 1306 1540 A
1326 1520 1344 1556 ,.
1372 1468 1408 1541 &
1436 1471 1511 1544 sieri.
1540 1478 1802 1553 communicatio

267 1568 483 1739 {nglegens
520 1565 562 1637 ad
600 1564 816 1658 aequilibrium
830 1584 846 1634 r.
870 1567 940 1638 erit
968 1565 1013 1637 fic
1054 1562 1208 1639 desedius
1244 1564 1304 1639 vel·
1333 1570 1491 1664 negativa:
1510 1568 1719 1645 Eledlricitas
1758 1577 1801 1652 in.

261 1758 722 1932 ss⁸4⁰,Pottelsgflllssleslticitus
746 1760 839 1835 inti
863 1760 975 1860 augeri
998 1758 1081 1833 ultre
1104 1758 1220 1833 stanam
1244 1758 1442 1853 naturalem,
1460 1756 1496 1835 ἃ
1511 1764 1548 1837 in
1571 1760 1604 1835 Β
1625 1760 1693 1839 effe
1713 1764 1796 1840 infra

308 1875 383 1929 tum·
399 1878 441 1931 ne
544 1880 589 1931 m.

312 1972 374 2046 5⁹·-
389 1954 501 2029 Porest
523 1958 559 2026 in
584 1954 616 2027 Β
640 1956 748 2028 redire
769 1956 812 2029 ad
835 1948 1172 2029 statumlnatuaalem:
1197 1956 1231 2026 in
1255 1974 1395 2047 utroque
1419 1950 1493 2029 casu
1518 1956 1578 2030 erit
1600 1957 1799 2036 ianuae

261 2053 381 2123 tricitas
404 2052 566 2140 positiva,
590 2053 624 2121 in
649 2051 684 2125 B
707 2054 884 2147 negativa,
910 2051 944 2123 in
970 2051 1002 2125 A
1025 2053 1112 2123 enim
1137 2052 1266 2143 semper.
1286 2052 1333 2124 est
1356 2052 1522 2127 excelsus..
1647 2040 1653 2052 ’
1780 2034 1795 2055 ⁴

312 2146 365 2219 6⁰.
391 2144 501 2218 Potest
527 2144 570 2219 be
584 2150 620 2218 in
640 2149 676 2220 A
701 2145 737 2218 &
757 2152 792 2219 in
815 2149 845 2220 B
867 2146 1046 2219 inerescere
1065 2147 1261 2221 eledncites
1281 2149 1374 2240 supra
1393 2150 1508 2223 statum
1534 2153 1731 2243 naturalem,
1758 2154 1800 2231 de

263 2240 329 2317 eise
347 2243 418 2333 pari
441 2246 539 2337 copia
562 2245 785 2335 iussoque,
815 2243 875 2316 vel·
887 2242 1001 2333 majori
1025 2246 1177 2335 copiain
1204 2247 1265 2329 A,
1298 2267 1396 2336 quarn
1418 2251 1452 2317 in
1479 2248 1540 2320 R:
1565 2254 1680 2324 eritin
1704 2274 1794 2327 utto·

262 2359 329 2431 que
351 2359 491 2431 corpore
512 2337 671 2411 Excessus
695 2339 747 2411 vel
762 2338 976 2433 posttiuarln
998 2358 1119 2429 genere
1143 2342 1252 2408 omnis
1268 2336 1476 2431 Eledlricitas
1501 2348 1664 2418 excedens
1687 2350 1803 2440 pollet.

262 2432 421 2527 appellari
446 2434 613 2521 Positiua,
643 2429 858 2505 &deficiens
882 2428 1066 2525 Negativa:
1100 2435 1274 2503 retineatur
1296 2434 1370 2505 haec
1396 2430 1565 2507 Freuklini
1591 2439 1704 2515 diullio
1729 2447 1792 2517 five

262 2526 431 2606 dillindlio
447 2556 466 2604 a.
490 2530 575 2605 inde.
592 2549 701 2601 tamen
730 2547 935 2623 nequaquam
955 2525 1133 2615 specierum
1157 2526 1329 2621 discrimen
1358 2528 1393 2596 iu
1414 2525 1518 2601 fluido
1542 2532 1700 2607 eledirico
1726 2539 1801 2613 else·

264 2627 436 2797 segougturst,
467 2624 718 2795 sedffilli'guando
734 2622 811 2715 pitu
827 2671 849 2708 ,.,
862 2619 1044 2719 aliquando
1073 2618 1189 2719 mnus.
1209 2620 1423 2699 eleslricitetis
1447 2629 1642 2719 corporibus
1664 2632 1799 2724 inesse,

264 2746 288 2820 q
377 2746 398 2795 e
448 2742 528 2797 certa
597 2743 675 2795 utnz·
1272 2738 1275 2743 ·

308 2843 341 2934 §.
366 2832 702 2917 DCCCLXXXIX.
728 2808 892 2907 Attamen
912 2828 1029 2906 dubito
1055 2854 1097 2907 aa
1121 2854 1190 2907 non
1205 2827 1399 2927 pluresfint
1415 2827 1632 2909 eleslri'eitatis
1647 2826 1803 2928 species,
1924 2903 1941 2927 ,

261 2941 339 3015 licet
359 2942 395 3012 in
418 2958 540 3039 genere
562 2935 769 3019 conveniant.
820 2927 955 3003 Possunt
971 2932 1060 3003 enim
1083 2927 1210 3002 effluvia
1233 2927 1404 3003 Eleslrica
1425 2928 1556 3003 differre
1581 2933 1713 3006 mistura
1737 2958 1793 3010 ves

263 3041 382 3112 riarum
402 3036 647 3131 conjunctarum
669 3031 838 3123 partium,
864 3026 1026 3114 ctaffitie,
1050 3026 1237 3113 densitate,
1249 3026 1419 3119 rapiditate
1439 3076 1462 3114 ,¹
1476 3028 1589 3122 maiori
1608 3030 1661 3103 vel
1683 3035 1791 3106 mino·

265 3138 293 3209 ri
313 3132 567 3208 obhaerescentia
587 3130 621 3199 in
643 3126 859 3219 corporibus,
885 3144 953 3196 tum
976 3123 1049 3196 aliis
1070 3124 1176 3197 adhuc
1200 3127 1413 3217 incompertis
1433 3126 1665 3216 qualitatibus:
1688 3126 1799 3200 veluti·

262 3253 411 3326 corpora.
424 3229 593 3302 Eleelrica
605 3222 791 3315 differente
816 3242 903 3293 cunr.
915 3243 949 3291 a.
969 3216 1162 3318 Turmaline
1182 3214 1399 3294 allaetantur
1421 3222 1663 3313 phaenomena,
1689 3246 1789 3315 quatn

262 3331 305 3403 ab
325 3328 478 3402 eleslrico
496 3327 608 3407 vitro,
632 3340 688 3391 aut
714 3319 805 3392 Cera
827 3314 1051 3409 Hispaniensi..
1100 3314 1188 3389 Nam
1207 3315 1395 3418 observante
1421 3318 1472 3390 lll.
1499 3318 1600 3391 Duce
1622 3317 1664 3390 de
1685 3315 1795 3411 Noya.

265 3425 418 3514 caralis,
450 3445 498 3497 ιο.
524 3416 736 3494 Eleelricitas
755 3418 791 3485 in
811 3413 1006 3486 Tunnalino
1026 3417 1183 3487 excitatur
1200 3413 1271 3487 solo
1285 3414 1425 3503 calore,
1441 3437 1515 3508 que
1530 3419 1628 3490 odam
1643 3414 1790 3491 eslmtl·

262 3544 301 3599 to
325 3524 533 3620 generosior,
559 3533 656 3606 quam
676 3532 750 3601 quae
770 3512 849 3579 tritu
874 3512 988 3579 oritur,
1143 3602 1146 3608 7
1314 3603 1318 3611 1

315 3641 367 3693 2⁰.
397 3616 540 3692 Nullum
569 3611 706 3693 lumen,
741 3604 862 3677 nullent
893 3603 1062 3677 scintillam
1084 3604 1222 3678 effundit
1241 3655 1263 3693 ,.
1287 3609 1350 3681 live
1370 3606 1447 3705 igue
1467 3603 1692 3705 calesadlum,
1725 3613 1793 3688 fi'va
1830 3654 1832 3658 ·

262 3736 386 3791 ultumi

313 3832 362 3906 3⁸.
392 3810 564 3883 Excitatus
591 3807 626 3877 iu
657 3800 880 3882 Turmalino,
913 3799 1004 3892 quod
1035 3798 1193 3893 injiciatur
1223 3821 1344 3893 aquae,
1376 3801 1545 3895 perhanc
1579 3827 1732 3897 operatur
1752 3810 1789 3881 itt

264 3909 477 4001 corpuscula,
502 3920 679 3997 quaeextra
698 3897 925 3991 aquam-unt,
941 3895 1033 3990 quod
1047 3919 1109 3969 nec
1126 3899 1159 3969 in
1185 3896 1392 3987 Adamante,
1417 3920 1481 3972 nec
1499 3898 1616 3991 Vitro,
1641 3925 1704 3975 nec
1718 3903 1789 3979 ee

265 4030 301 4081 ra
325 4007 452 4102 sigillari
476 4001 671 4075 observatur.
1783 3986 1790 3997 ’

314 4124 366 4197 4⁰.
391 4100 474 4174 Non
494 4098 602 4191 perdit
625 4090 894 4171 Eledlticitatem·
910 4090 980 4166 ullo
1002 4092 1134 4195 vulgari}
1147 4092 1282 4186 modo,
1299 4094 1363 4174 si‘ve
1378 4114 1438 4193 pet
1452 4094 1635 4170 maelilnem
1655 4098 1785 4181 ereren:

262 4223 358 4287 cam,
383 4201 447 4270 siire
468 4216 526 4288 pet
549 4215 644 4266 acum
671 4190 836 4266 artesiam.
1424 4240 1426 4244 -

313 4305 367 4392 5⁰.
407 4293 490 4367 Non
520 4293 677 4362 excitatur
705 4292 739 4360 in
770 4288 963 4360 Turmalino
992 4286 1212 4364 Eleuncras·
1235 4287 1319 4363 ullo.
1338 4288 1472 4383 modo,
1507 4294 1625 4383 quibus
1655 4298 1699 4369 in·
1715 4295 1797 4381 aliis·

263 4393 481 4487 corporibus,
505 4410 567 4459 nec
591 4409 611 4457 a
633 4384 824 4457 circumfusa
847 4388 927 4457 vitri
943 4383 1150 4459 eleslri'cltete
1176 4390 1295 4474 oritur,
1319 4387 1372 4459 vel
1397 4407 1544 4485 augetur,¹

314 4495 374 4565 62..
391 4492 425 4561 A
448 4487 529 4559 tubo
550 4486 655 4555 vitreo
678 4480 833 4557 eledlrico
854 4505 926 4554 non
952 4484 1142 4575 repellitur,
1166 4481 1232 4553 sed·
1246 4488 1389 4578 rapitur..

314 4608 376 4683 20..
408 4586 494 4662 Duo
542 4578 739 4655 'sarmasiae
772 4601 814 4652 ex
853 4578 916 4653 silis
956 4580 1051 4655 lineis
1083 4579 1148 4753 uehiJ
1174 4577 1281 4661 sericis
1316 4582 1461 4683 suspense
1495 4583 1531 4657 dr
1561 4586 1719 4671 ealesasta
1750 4580 1794 4649 se

1151 4697 1191 4751 n.
1207 4698 1238 4774 g,
1737 4681 1801 4751 iu·-
