4282 5962
638 209 1456 305 MECH'ANICA·
1724 249 1811 326 119

260 442 334 496 rnen
348 420 424 511 quia
440 415 553 513 regula
574 414 704 487 vertitur
720 429 795 482 cum
822 408 953 481 axiculo
976 406 1158 498 cylindrico
1175 410 1208 477 in
1230 407 1417 492 foramine,
1451 432 1520 483 non
1546 411 1639 506 supra
1653 418 1755 490 aciem
1778 470 1790 506 ‚

261 518 424 593 mobilitas
439 513 560 610 regule
573 510 619 583 est
633 511 760 595 minor,
786 530 849 579 nec
867 507 945 579 haec
969 506 1082 577 statera
1103 508 1246 581 minutiis
1264 508 1445 597 ponderum
1470 509 1675 603 explorandis
1696 537 1790 606 aeque

260 616 418 703 valet,ac
439 612 575 707 vulgatis
597 607 739 680 docente
755 607 972 698 experientia:
1000 604 1118 675 Eidem
1131 607 1345 677 incommodo
1367 607 1576 699 subjiciuntur
1599 632 1714 682 omnes
1729 613 1790 684 sta·

261 735 401 787 terarum
416 708 554 802 species,
579 727 715 799 quarum
732 706 801 775 axis
815 701 1089 792 estcylindricus‚
1116 724 1183 773 non
1202 724 1280 774 vero
1294 704 1405 774 acies:
1439 706 1591 798 adeoque
1610 707 1789 799 pulcriores

262 812 379 884 suntin
400 805 565 896 Theonis,
592 826 690 897 quam
704 806 737 875 in
757 800 876 873 Praxi..

311 906 369 981 Est
383 925 518 1075 quoqne
542 903 604 974 alia
620 900 742 994 species
758 901 913 972 Starcr'ae:
943 896 1001 970 Est
1022 897 1129 971 ΑΒΕ
1154 897 1330 991 chalybeus
1351 900 1490 989 Elaites,
1522 901 1660 979 inflexus
1683 904 1716 975 in
1737 890 1939 975 ronanus.

266 1003 400 1079 tondum
419 1005 452 1074 in
500 1051 509 1074 .
531 1021 568 1073 ut
580 999 648 1071 hiet
670 1020 729 1071 ote
750 996 836 1070 AC.
861 995 907 1067 est
921 992 994 1066 DF
1016 1019 1108 1069 arcus
1134 1018 1244 1071 aeneus
1264 1049 1276 1084 ,
1296 998 1379 1073 fixus
1395 1002 1429 1072 in
1448 996 1512 1090 D,
1537 1001 1690 1076 tranfiens
1706 1003 1739 1074 in
1761 1000 1900 1086 Fano

262 1101 408 1175 foramen
421 1098 577 1171 Elateris:
602 1094 648 1169 est
664 1116 798 1189 quoque
825 1096 1009 1166 extremitas
1026 1092 1162 1167 Fercus
1186 1093 1348 1186 perforata
1370 1147 1382 1183 ‚
1405 1119 1502 1189 quam
1527 1099 1633 1172 tranfit
1657 1099 1795 1174 annulus

262 1198 403 1293 amplior
425 1194 471 1271 G.
490 1197 548 1287 qui
558 1215 661 1267 marm
684 1186 864 1285 capitur&
890 1189 1083 1263 sustinetur:
1115 1190 1174 1264 Est
1195 1191 1275 1267 alter
1299 1215 1392 1265 arens
1406 1192 1482 1279 IL,
1506 1195 1615 1269 elateri
1636 1197 1747 1269 affixus
1761 1201 1797 1274 in

263 1295 298 1383 1,
318 1295 471 1369 transiens
495 1313 575 1365 vero
600 1293 633 1361 in
649 1288 707 1377 L,
733 1287 826 1381 hujus
848 1309 942 1360 arcus
972 1290 1156 1361 extremitas
1181 1285 1278 1364 oest
1291 1292 1387 1363 etiam
1407 1291 1598 1384 perforata,
1631 1296 1799 1386 excipiens

262 1392 420 1467 annulum
437 1389 489 1477 0,
507 1387 561 1459 hic
574 1391 694 1481 excipit
708 1407 828 1458 uncum
846 1383 894 1472 P,
915 1387 968 1457 cui
982 1386 1213 1479 appenduntur
1222 1384 1388 1459 Pondere:
1402 1390 1536 1481 quando
1557 1413 1575 1461 a
1596 1392 1799 1484 ponderibus

263 1489 347 1561 exP
366 1484 583 1583 pendentibus
595 1506 688 1559 arcus
702 1481 757 1557 IL
780 1481 931 1555 deorsum
948 1481 1102 1568 trahitur,
1123 1481 1223 1555 elater
1243 1484 1385 1557 decurrit
1407 1483 1501 1579 supra
1526 1486 1556 1558 F
1563 1487 1598 1560 D
1616 1539 1628 1573 ‚
1649 1490 1802 1587 vagando
1956 1555 1958 1558 .

264 1586 307 1658 ab
322 1587 353 1659 A
366 1587 409 1658 ad
422 1583 477 1671 D,
501 1582 543 1655 ad
557 1583 648 1675 quod
670 1605 689 1654 a
713 1577 894 1679 gracillima
912 1579 1089 1673 pondere,
1121 1581 1212 1673 quod
1234 1581 1395 1674 explorari
1417 1582 1479 1657 hac
1496 1585 1644 1659 machina
1664 1587 1798 1679 potest,

261 1686 432 1776 pervenit,
451 1674 621 1755 divifiones
633 1681 668 1752 in
685 1676 760 1753 FD
779 1677 930 1772 pondera
946 1675 1088 1771 appensa
1103 1698 1144 1749 ex
1156 1698 1249 1753 unco
1265 1676 1492 1755 Postendunt

290 1786 343 1889 ,1
370 1784 564 1861 CCCClll.
577 1780 693 1863 sNunc
709 1809 845 1883 quoque
858 1788 1049 1884 intelligitur
1071 1809 1145 1877 quae
1163 1787 1200 1860 iit
1216 1785 1318 1861 Libra
1327 1791 1451 1883 proba,
1465 1813 1539 1885 qua
1558 1790 1665 1867 fallax.
1692 1794 1800 1871 Proba

263 1886 329 1976 eil,
345 1885 436 1983 cujus
450 1887 549 1957 ambo
566 1881 651 1979 scapi
667 1890 752 1979 paris
767 1885 981 1987 longitudinls
994 1885 1081 1959 sunt:
1103 1882 1215 1959 Fallax
1229 1906 1359 1975 autem,
1382 1887 1473 1983 cujus
1488 1912 1571 1965 unus
1592 1891 1705 1984 scapus
1726 1864 1887 1969 CAT'b‘
1896 1862 1957 1975 qu

263 1988 396 2083 longior
409 1982 456 2053 cst
477 1982 680 2056 aueocu.
707 1984 744 2058 fit
766 1986 840 2059 Cir
858 1991 997 2077 partium
1022 1984 1058 2055 ό.
1085 1982 1117 2055 C
1129 1984 1156 2055 ll
1172 1983 1276 2054 modo
1299 2005 1334 2079 5.
1359 2007 1427 2059 tum
1443 1989 1601 2080 deceptor
1619 1963 1920 2067 extrusurusmg'*

240 2126 245 2135 ·
261 2104 406 2168 merces,
431 2100 485 2151 eas
493 2081 585 2181 lanei
602 2079 629 2151 P
647 2085 809 2174 imponit,
835 2082 962 2153 sacoma
977 2081 1082 2152 Lanci
1104 2079 1157 2151 M.
1174 2080 1196 2150 sr
1211 2079 1253 2150 M
1266 2079 1362 2155 fuerit
1378 2095 1417 2158 m
1437 2085 1471 2154 6.
1485 2090 1545 2156 etit
1560 2088 1802 2176 pondusMet·

262 2185 349 2253 cium
367 2182 400 2251 in
418 2177 444 2249 P
463 2180 568 2251 modo
590 2184 628 2251 m
643 2198 679 2273 5.
707 2180 773 2251 Sed
795 2179 883 2251 idem
894 2198 1088 2270 accepturus
1106 2199 1259 2263 merces,
1276 2201 1331 2252 eas
1351 2185 1494 2274 imponit
1512 2183 1598 2254 lanei
1613 2184 1684 2272 M,
1705 2183 1803 2258 &sa-

263 2299 359 2349 coma
373 2276 458 2345 lanei
478 2274 516 2343 P.
542 2275 670 2364 quodli
690 2275 816 2347 sacoma
830 2275 925 2344 fuerit
948 2280 986 2347 ie
1003 2293 1038 2362 5.
1064 2274 1125 2343 erit
1141 2273 1275 2361 pondus
1290 2275 1457 2349 Mercium
1480 2280 1514 2347 in
1530 2278 1572 2345 ui
1590 2288 1628 2351 ee
1647 2283 1681 2351 6.

312 2388 345 2488 §-
370 2382 566 2457 CCCCIV.
591 2384 747 2473 Attamen
770 2402 836 2471 ope
864 2380 977 2451 Libtae
1001 2377 1124 2449 fallacis
1148 2395 1297 2447 accurate
1320 2380 1506 2466 ponderum
1530 2401 1621 2450 veras
1641 2382 1807 2459 mensuras

265 2480 572 2655 ”llis‘llfic‘l
598 2473 1478 2660 ⁵lllellislilpilllllllaillmli
1489 2474 1654 2643 'llll
1667 2479 1803 2644 q...

368 2603 378 2650 1
736 2596 746 2640 ἶ
1482 2618 1513 2652 s·
1657 2597 1677 2644 11
1710 2599 1733 2646 0
1746 2598 1803 2648 ex·

263 2608 366 2755 gela
378 2596 653 2763 gridixqqmssm
668 2668 723 2741 dat
746 2691 858 2743 verum
883 2666 1015 2760 pondus
1037 2666 1206 2737 mercium.
1256 2661 1346 2735 Nam
1369 2668 1527 2737 mercium
1550 2593 1592 2737 eg
1613 2669 1710 2762 scapo
1730 2673 1806 2745 bre·

263 2777 346 2850 niori
371 2771 584 2864 pendentium
599 2766 731 2860 pondus
748 2784 950 2848 voceturus,
976 2757 1268 2853 &aequipondium
1280 2781 1323 2831 ex
1340 2760 1414 2835 CA
1427 2781 1562 2833 vocetur
1569 2782 1606 2857 p.
1632 2785 1700 2837 turn
1718 2790 1805 2842 mer·

267 2894 322 2948 ces
335 2869 498 2962 pendeant
514 2886 556 2938 ex
570 2865 646 2939 CA
663 2912 675 2949 ‚
694 2863 730 2934 dt
744 2863 998 2954 aequipondium
1019 2858 1166 2951 pendens
1192 2877 1234 2928 ex
1260 2857 1293 2930 C
1316 2858 1359 2932 u
1369 2880 1504 2931 vocetut
1518 2883 1539 2955 q
1568 2866 1629 2936 erit
1647 2866 1680 2937 in
1696 2868 1806 2957 prima

265 2970 420 3065 penfione
434 2989 467 3037 m
482 2988 502 3029 κ
523 2963 593 3034 BC
612 2982 722 3055 :px
744 2957 878 3034 Ae&
897 2962 933 3035 in
950 2956 1100 3029 Secunda
1109 2956 1267 3049 penfione
1285 2980 1317 3029 m
1338 2981 1358 3021 κ
1376 2956 1448 3033 AC
1464 2977 1542 3055 :q
1559 2984 1578 3021 x
1599 2959 1679 3032 BC.
1695 2966 1805 3036 duilio

268 3070 304 3161 in
321 3065 416 3135 lehis
430 3062 574 3133 terminia
590 3058 747 3131 fitmmx
770 3057 845 3130 BC
863 3081 884 3122 x
901 3052 981 3128 AC
1000 3072 1081 3147 :p
1098 3076 1150 3151 qx
1171 3050 1286 3125 ACx
1305 3053 1381 3126 BC
1407 3052 1443 3124 δι
1459 3056 1614 3129 divilione
1632 3058 1715 3130 faiis
1740 3079 1805 3152 per

268 3182 338 3256 BC
352 3210 372 3249 κ
391 3176 485 3264 AC,
501 3175 595 3251 restat
612 3199 688 3251 matr
704 3196 826 3274 :pp
840 3175 991 3267 adeoque
1004 3171 1051 3243 est
1065 3195 1099 3245 m
1118 3190 1163 3247 =
1177 3154 1285 3271 sp}
1303 3170 1463 3270 elligitur
1480 3155 1697 3272 quvcrutn
1714 3197 1803 3266 pon.

271 3282 332 3352 dus
359 3278 526 3354 mercium.
575 3272 621 3345 Et
656 3278 701 3346 uti
721 3274 769 3346 est
788 3296 900 3347 verunt
922 3273 1053 3364 pondus
1067 3273 1224 3343 mercium
1245 3272 1287 3342 ad
1301 3269 1438 3362 aliquod
1462 3273 1733 3366 aequipondium,
1758 3274 1805 3346 ita

269 3381 435 3472 reciproce
459 3372 530 3446 sunt
555 3372 776 3467 longitudines
800 3375 968 3461 utriusque
989 3368 1074 3461 scapi
1099 3369 1141 3441 ab
1161 3391 1240 3441 axe:
1265 3389 1339 3442 narn
1353 3367 1401 3440 est
1417 3390 1451 3441 nt
1469 3370 1586 3469 adptz
1608 3369 1691 3443 AC.
1717 3368 1801 3449 BC.

316 3493 350 3593 q.
385 3487 565 3564 CCCCV.
598 3485 700 3557 Nunc
736 3486 1096 3583 quoque-intelligetur
1123 3489 1294 3578 quomodo
1318 3491 1353 3561 in
1374 3486 1474 3561 Libra
1496 3489 1605 3562 ΑΕΒ
1630 3470 1950 3583 equaliunffi·¹'·'

271 3594 480 3668 brachiorum
490 3584 636 3677 pondere
653 3585 738 3656 varia
753 3583 794 3653 ad
810 3581 1027 3654 diveriiffimas
1042 3583 1083 3652 ab
1097 3603 1157 3653 axe
1173 3585 1333 3659 distantias
1348 3586 1409 3657 fint
1421 3591 1504 3658 inter
1514 3587 1544 3657 ie
1559 3589 1592 3659 in
1603 3573 1876 3688 equilibrimffiss·
1892 3576 1925 3637 ⁸

273 3689 404 3784 quoties
418 3702 585 3757 momenta
609 3677 792 3773 pondemm
811 3681 845 3749 in
868 3700 937 3751 uno
957 3678 1054 3773 scapo
1080 3677 1299 3772 iuntae'qualia
1318 3687 1492 3753 momentis
1514 3685 1547 3753 in
1569 3684 1671 3755 altero
1694 3689 1802 3780 scapo.

249 3788 251 3792 ‘
274 3791 320 3861 Sit
337 3803 472 3872 uterque
492 3777 604 3871 scapus
626 3781 659 3849 in
682 3797 789 3869 partes
809 3775 951 3869 aequales
961 3776 1101 3851 divisus:
1127 3780 1162 3849 in
1180 3777 1278 3870 scapo
1298 3778 1370 3849 CA
1381 3779 1528 3871 pendens
1543 3783 1673 3871 pondus
1685 3804 1727 3855 ex
1741 3787 1806 3874 pri-

273 3908 328 3959 ma
342 3881 494 3952 divilione
514 3878 551 3949 stt
574 3894 619 3950 .·::
637 3895 669 3967 3.
686 3876 746 3946 erit
775 3888 979 3945 momentum
997 3892 1043 3948 .·.·.·
1063 3893 1095 3965 3.
1120 3875 1256 3946 alterum
1286 3876 1417 3967 pondm
1438 3876 1579 3969 pendeat
1592 3899 1633 3949 ex
1648 3879 1805 3952 dlxiiione

327 3975 362 4050 dt
391 3979 427 4048 fit
448 3997 491 4051 :
514 3976 546 4048 8.
572 3977 633 4046 erit
656 3992 858 4057 momentum
881 3992 926 4048 τ...-
947 3996 1009 4063 aa.
1031 3970 1203 4046 amborum
1228 3994 1473 4046 momentorum
1493 3973 1613 4048 summa
1626 3975 1671 4046 est
1687 3997 1731 4053 :
1748 3999 1810 4073 27.

276 4004 332 4153 {a
364 4075 461 4164 scapo
490 4071 592 4143 altero
617 4071 687 4144 CB
708 4073 838 4164 pondus
861 4070 885 4140 6
906 4071 1046 4162 pendeat
1068 4090 1110 4141 ex
1132 4069 1291 4142 divilione
1317 4095 1351 4160 4.
1376 4074 1438 4142 erit
1461 4094 1664 4146 momentum
1684 4095 1727 4150 e:
1748 4099 1812 4166 24.

278 4173 409 4271 pondus
437 4190 451 4241 t
481 4169 620 4261 pendeat
642 4191 683 4240 ex
704 4167 858 4242 divisione
881 4187 915 4260 3.
939 4166 1009 4262 ejus
1033 4168 1348 4243 momenmmest:
1368 4189 1406 4262 3..
1426 4169 1549 4242 summa
1564 4194 1812 4247 momentomm·

229 4322 232 4327 -
277 4275 447 4347 ambomm
471 4287 515 4340 :
529 4287 587 4362 27.
611 4264 820 4361 quesumrna
835 4264 1025 4358 aequipollet
1049 4265 1181 4339 somnae
1194 4268 1230 4339 in
1252 4266 1354 4338 altero
1376 4266 1492 4361 scapo,
1517 4269 1669 4364 adeoque
1690 4273 1807 4345 etita·

279 4370 477 4467 quilibriurn.
530 4434 533 4439 ,
718 4370 722 4378 ’
938 4396 941 4401 ·
1895 4368 1900 4377 ’

331 4493 362 4596 ς.
389 4491 584 4572 ccccvi
607 4493 655 4571 Et
671 4494 742 4571 sciti
756 4496 862 4593 potest
878 4497 1051 4595 quomodo
1073 4518 1220 4577 centrum
1244 4496 1278 4576 E
1304 4499 1478 4598 equilibrii
1492 4523 1669 4599 momsque
1689 4501 1814 4666 ὶηνεηξ
1824 4470 1959 4588 renam

568 4663 572 4670 .
1152 4650 1161 4675 .
1383 4650 1394 4667 ·
1823 4619 1936 4701 llos
