4282 5962
475 289 1588 390 oumsnucrxrcrrxtu.
1713 325 1796 411 27⁷

272 498 379 575 flauere
410 493 606 587 potissrmum
639 512 681 567 ex
715 509 894 584 corporum
926 487 1180 561 extremitatibus
1205 484 1241 560 &
1264 509 1307 560 ex
1330 491 1456 585 angulis
1481 493 1676 568 exstantibus
1699 502 1794 589 peni·

269 593 338 668 cilli
361 591 477 665 radioli
502 589 667 663 manifesto
691 591 856 682 pmbant:
888 583 1030 657 influere
1055 604 1163 660 autem
1186 588 1221 658 in
1246 586 1395 678 planities
1420 587 1565 659 laterales
1588 591 1641 661 iila
1664 593 1749 665 linea
1760 618 1793 681 =a

268 691 424 765 lateribus
456 689 524 761 tubi
547 685 599 761 vel
630 685 784 759 strisiurae
814 683 940 773 semper
971 681 1118 770 allesia,
1152 703 1276 756 nomm
1307 684 1350 754 ab
1374 686 1628 758 extremitatibus
1650 691 1795 780 repulsas
1936 694 1945 707 '

266 787 365 881 hujus
387 785 561 859 fimultanei
585 781 727 857 affluxus
752 779 788 855 dt
812 780 954 854 effluxae
980 779 1097 852 claram
1121 780 1372 872 explicationem
1398 778 1434 854 dt
1457 784 1589 855 iconem
1610 782 1701 856 dedit
1716 786 1793 858 Cel.
1940 824 1943 829 ·

265 883 422 959 Nolletus
447 881 540 977 (a).
599 879 788 972 Aliquando
811 898 919 950 nmen
943 873 1040 948 fluidi
1063 878 1205 949 elesirici
1228 876 1370 951 affluxus
1394 879 1436 950 ad
1459 899 1639 953 extremum
1671 903 1794 974 corpo·
1940 959 1943 963 ,

266 985 339 1067 ris,
372 979 464 1072 quod
494 979 702 1053 elearicmte
725 973 955 1068 perfunditur,
989 973 1035 1044 est
1057 974 1189 1067 majos,
1225 974 1334 1047 secum
1356 975 1518 1051 advehant
1539 977 1627 1050 aliud
1652 976 1795 1070 corpusa
1892 1000 1908 1012 ··

267 1077 442 1168 aliquando
464 1074 613 1151 effluxae
628 1072 674 1144 est
690 1071 815 1166 maior,
839 1093 915 1144 eum
928 1070 970 1143 ab
992 1091 1141 1143 extremo
1167 1072 1336 1162 repellitur
1361 1094 1498 1165 corpus,
1523 1096 1586 1166 pro
1609 1074 1794 1171 liguriam·

268 1175 387 1248 borum
416 1173 475 1245 libi
502 1171 712 1246 obversorum
742 1189 930 1262 corporum.
969 1168 1019 1239 Sit
1046 1171 1132 1241 enim
1167 1169 1303 1240 bacillus
1327 1170 1423 1241 instar
1444 1173 1573 1242 versarii
1596 1176 1716 1243 nautici
1741 1172 1792 1244 su·

266 1291 433 1364 praecum
453 1268 624 1354 versatilis,
649 1266 748 1339 altera
765 1265 872 1336 bacilli
896 1267 1080 1336 extremitas
1102 1265 1223 1337 definat
1246 1269 1280 1337 in
1301 1264 1495 1358 cuspidem,
1519 1267 1619 1338 altera
1639 1271 1794 1339 extremi*

266 1387 315 1439 tas
342 1371 377 1438 in
403 1366 541 1462 globum
563 1364 709 1437 diametri
732 1362 879 1456 pollicis;
904 1361 1006 1433 homo
1024 1360 1094 1453 'pici
1116 1361 1259 1435 insistens
1273 1361 1483 1453 perfimdetur
1500 1360 1732 1449 elediticitate,
1756 1361 1793 1436 dt

264 1484 367 1631 gnanu
388 1482 497 1535 teneat
514 1463 662 1559 ligulam,
682 1459 774 1554 cujus
793 1478 861 1530 una
882 1461 1068 1532 extremitas
1090 1457 1213 1530 muna
1237 1460 1273 1531 iu
1291 1456 1488 1551 cuspidem,
1516 1458 1617 1532 altera
1642 1462 1677 1533 in
1702 1460 1798 1558 globi

280 1581 418 1633 ormam.
1047 1561 1050 1581 '
1680 1578 1687 1591 ·

319 1657 356 1731 Si
378 1659 525 1731 obvertat
553 1656 634 1753 igni
662 1654 828 1749 cuspidem
850 1652 957 1749 globo
975 1653 1084 1727 bacilli
1108 1653 1285 1739 versatilis,
1319 1653 1423 1747 major
1445 1654 1491 1726 est
1511 1660 1609 1748 copia
1628 1654 1795 1730 affluentis

264 1755 505 1839 elesiticitatis,
531 1748 763 1826 &tersorium
785 1750 828 1821 ad
853 1748 1019 1842 cuspidem
1040 1749 1239 1842 appellitur:
1272 1750 1422 1823 lihomo
1445 1751 1614 1847 globosam
1640 1751 1686 1825 sui
1714 1751 1736 1822 li
1782 1753 1799 1822 i

264 1870 392 1946 partem
410 1847 541 1929 versarii
559 1848 666 1946 globo
686 1851 868 1935 obvertat,
900 1845 1076 1919 tersorium
1097 1846 1138 1919 ab
1162 1845 1320 1919 effluente
1349 1846 1453 1920 fluido
1483 1847 1641 1922 eledirico
1666 1871 1745 1940 repe
1758 1847 1799 1919 li·

263 1969 336 2023 trus
358 1946 381 2018 li
405 1968 478 2039 pars
505 1945 585 2040 ligni
633 1943 752 2017 lobosa
773 1946 816 2014 ab
835 1942 972 2015 homine
990 1943 1322 2037 obvertatureuspidi
1346 1943 1504 2029 verl'orii,
1527 1945 1633 2037 cuspis
1646 1945 1798 2037 plerum·

263 2067 330 2139 que
344 2041 543 2211 ¹{epellitum
568 2060 615 2112 tta
657 2060 714 2114 nte
738 2038 814 2114 Cel.
835 2037 977 2114 Nolleto
1011 2040 1107 2136 (b).
1165 2039 1198 2111 T
1199 2060 1273 2114 otus
1293 2040 1350 2113 laic
1370 2061 1545 2135 apparatus
1567 2063 1611 2114 ex
1631 2063 1696 2116 aere
1711 2062 1800 2137 praev

261 2143 324 2219 stat
357 2142 466 2235 'gneo
614 2212 622 2221 ,

311 2234 583 2327 Experimentum
596 2236 663 2308 boc
678 2238 765 2310 viam
780 2235 889 2310 stmvit
908 2235 979 2308 aliis
988 2283 1006 2321 ,.
1020 2255 1126 2327 eaquae
1149 2233 1314 2309 illustravit
1331 2259 1341 2306 a
1373 2237 1484 2310 Phiala
1508 2239 1618 2313 nostra
1639 2237 1729 2313 nulla
1761 2255 1803 2308 re

263 2333 407 2417 vestita,
439 2328 495 2401 sed
516 2351 593 2401 cum
613 2335 771 2403 eminenti
791 2331 849 2400 lilo
872 2331 1039 2401 metallico
1070 2331 1130 2399 stet
1154 2333 1188 2400 in
1210 2335 1312 2421 pice,
1344 2334 1442 2422 eique
1469 2356 1530 2423 per
1553 2335 1644 2405 filum
1665 2331 1799 2426 copiosa

264 2428 367 2505 infusa
387 2426 425 2496 lit
450 2424 642 2496 elesiricitas
665 2425 732 2516 ope
754 2423 847 2521 globi
875 2426 985 2496 vitrei:
1011 2443 1081 2495 tum
1102 2426 1176 2514 quis
1197 2424 1285 2496 laevae
1305 2427 1468 2497 manusdi
1493 2432 1540 2499 'to
1555 2433 1693 2524 attingat
1708 2429 1803 2518 phia-

265 2527 361 2611 lam,
394 2517 431 2593 dt
465 2520 572 2617 digito
601 2521 733 2593 alterius
762 2542 879 2592 manus
905 2519 1014 2587 eliciat
1037 2541 1078 2587 ex
1102 2521 1258 2591 eminenti
1276 2516 1351 2588 stilo
1373 2449 1562 2609 scindffim,
1589 2528 1641 2592 exi
1727 2522 1801 2591 haec

265 2625 328 2696 etit
351 2616 387 2693 dt
412 2637 584 2711 parvarum
607 2618 745 2689 virium:
781 2612 902 2685 deinde
931 2611 1062 2683 duobus
1093 2612 1126 2683 di
1152 2614 1203 2684 'tis
1224 2612 1315 2685 levae
1337 2635 1452 2685 manus
1471 2619 1608 2713 attingat
1628 2640 1651 2708 p
1677 2616 1769 2686 'alam
1785 2663 1804 2700 ,

264 2719 387 2791 dextre
406 2734 523 2787 manus
541 2711 644 2808 digito
667 2709 775 2781 eliciat
798 2706 998 2794 scintillam,
1032 2705 1104 2778 haec
1136 2710 1240 2778 ortior
1262 2709 1466 2801 praecedenti
1485 2715 1573 2782 erit:
1606 2732 1675 2783 tum
1695 2713 1798 2784 tribus

263 2813 375 2911 digitis
401 2811 493 2882 laevae
521 2825 634 2878 manus
656 2807 792 2901 attingat
812 2802 984 2896 phialam,
1018 2800 1122 2899 digito
1151 2802 1272 2875 dextrae
1301 2826 1418 2877 manus
1438 2803 1547 2879 cleda
1572 2806 1706 2879 scintilla
1730 2804 1799 2877 fot·

263 2913 328 2982 tior
350 2909 432 2980 erit:
447 2927 450 2933 ·
467 2902 598 2974 tandem
622 2898 885 2997 quatuordig’tis
901 2894 1071 2991 &pollice
1085 2918 1195 2995 ungat
1208 2898 1378 2992 phialam,
1401 2922 1422 2971 a
1445 2900 1550 2999 digito
1574 2902 1705 2976 alterius
1728 2923 1796 2975 ma·

263 3028 326 3081 nus
350 2998 575 3077 violentilltma
596 2997 741 3071 elicietur
765 2995 927 3096 scintilla:
958 3016 1028 3087 quo
1054 2996 1153 3092 igitur
1182 2994 1286 3089 major
1309 2996 1361 3069 est
1377 2994 1499 3072 attusia
1521 2998 1640 3094 phialae
1664 2997 1799 3094 supersi,

266 3105 358 3188 cies,
383 3096 524 3189 euplus
545 3097 763 3169 elesiricitatis
783 3093 915 3186 produ,
941 3090 1125 3188 ingreli'urae
1148 3096 1222 3167 vitri
1242 3097 1393 3187 parietes.

266 3194 270 3201 ’
314 3198 486 3270 Praeterea
501 3189 662 3265 effluxum
674 3187 710 3263 dt
725 3186 1115 3265 effluxumeleiiricitads
1152 3189 1284 3264 lumulae
1297 3190 1471 3281 sodada,
1487 3194 1667 3270 bradeaeve
1681 3214 1800 3269 tenues

266 3293 465 3374 ostendunt,
489 3289 552 3361 live
575 3288 619 3357 ad
630 3288 744 3359 tubum
761 3290 899 3359 vitreum
923 3284 1090 3373 fricatum,
1139 3308 1179 3359 ve
1191 3287 1239 3358 ad
1247 3287 1384 3385 globum
1401 3292 1538 3364 vitreum
1553 3295 1589 3365 in
1604 3293 1799 3387 vertiginem

265 3395 375 3464 adum
391 3384 427 3458 dt
442 3385 591 3457 liicatum
604 3381 791 3475 cuspidibus
807 3402 863 3453 aut
887 3381 1040 3454 lateribus
1057 3381 1242 3456 tenuiffimis
1262 3385 1450 3458 advolantes
1466 3385 1507 3460 dt
1518 3392 1635 3462 iterum
1650 3385 1796 3462 abadia:

264 3509 343 3561 cum
373 3485 461 3556 enim
490 3482 535 3552 ab¹
565 3477 777 3554 elediricitate
809 3476 852 3547 ad
885 3481 1001 3549 tubum
1033 3478 1204 3550 advolante
1238 3481 1392 3572 plumulae
1421 3504 1477 3557 aut
1509 3484 1652 3560 brasieae
1684 3483 1799 3579 appel·

266 3584 403 3666 lantur,
435 3577 527 3650 fimul
552 3577 694 3649 evoldnti
716 3595 758 3646 ex
783 3573 865 3645 tubo
888 3572 1091 3647 eleitncitai
1115 3596 1323 3663 occurrunt,
1353 3577 1431 3649 ideo
1461 3603 1534 3652 non
1556 3583 1707 3656 advolare
1731 3582 1797 3658 lata

266 3679 435 3774 superficie
460 3672 620 3768 poliunt,
650 3671 707 3743 sed
739 3689 865 3743 tantum
888 3669 988 3743 latere
1008 3688 1107 3742 acuto
1132 3670 1183 3741 vel
1207 3675 1317 3759 tenui,
1342 3695 1417 3764 quo·
1430 3677 1513 3748 inter
1535 3679 1643 3750 radios
1663 3677 1794 3752 elediti·

265 3779 372 3850 citatis
396 3771 556 3844 evolantis
574 3768 726 3843 incedere
747 3764 899 3860 poliunt:
925 3766 1018 3840 simili
1042 3766 1145 3839 modo
1170 3767 1304 3860 repulsae
1327 3792 1348 3841 a
1371 3769 1464 3843 tubo
1477 3772 1607 3846 avolant
1630 3795 1721 3866 parte
1746 3794 1794 3871 te7

265 3876 325 3946 nui
348 3889 402 3942 aut
425 3867 589 3961 cuspide,
618 3868 695 3957 quia
718 3868 816 3937 etiam
839 3862 1004 3937 intervalla
1028 3863 1194 3936 mdiorum
1218 3864 1444 3939 clesiricotum
1477 3867 1698 3944 advolantium
1719 3892 1796 3962 per·

266 3985 394 4059 reptare
417 3984 594 4051 tenenmra
625 3962 651 4033 li
681 3984 750 4034 non
774 3958 940 4034 advolaret
963 3957 1157 4035 elediticitas
1173 4012 1190 4049 ,.
1215 3961 1351 4056 repulse
1374 3961 1518 4038 bladae
1549 3967 1674 4040 atubo
1698 3986 1796 4064 aque
1850 4030 1855 4039 .
1894 4036 1902 4057 ,
1991 3963 1996 3974 ’

638 4054 673 4133 d't
695 4057 887 4151 cuspidibus
907 4048 1075 4131 ferrentur.

267 4061 752 4233 fiaffieussgmmffhgffimum
785 4154 1008 4229 simultaneum
1037 4154 1215 4248 probamus
1228 4156 1244 4242 ',
1284 4156 1419 4252 quando
1451 4158 1583 4237 trochus
1613 4161 1807 4337 metalllicgs·

1780 4308 1794 4361 t

307 4449 369 4526 (a)
386 4445 483 4509 l’fltst.
506 4445 543 4507 de
562 4447 676 4509 l'dead
695 4449 775 4525 noy.
796 4447 849 4510 Aa.
873 4462 960 4523 1745.
979 4445 1096 4524 planch.
1119 4422 1152 4524 a,
1169 4447 1215 4529 fig.
1238 4462 1267 4523 p.

309 4530 367 4609 (b)
390 4527 558 4591 lietberte·
578 4526 625 4591 sut
645 4525 847 4592 l'lilestrlcite.
867 4543 934 4607 pag.
957 4540 1025 4607 aas.

924 4623 1163 4722 'illata
1320 4645 1326 4654 ·
