4282 5962
368 1158 376 1196 1
398 1183 406 1199 .
442 1180 453 1201 ,
491 1136 532 1186 ex
548 1116 699 1188 indumto
719 1108 880 1203 chalybe,
905 1128 1046 1201 quorum
1072 1106 1142 1199 poli
1164 1106 1254 1181 inC

492 316 575 407 ιιι
812 282 948 381 DE
1057 280 1698 379 Mao'Niara

535 486 569 577 §.
593 483 901 565 mccccxcm.
932 482 1035 557 Simili
1061 482 1166 555 modo
1186 500 1228 551 ert
1252 480 1361 553 multis
1382 480 1519 557 lamellis
1546 486 1686 563 indurati
1710 490 1873 581 Chalybis
1892 516 2024 573 arem.

488 590 550 671 tis,
577 584 721 682 &prius
742 589 773 659 vi
794 582 984 681 Magnetica
1015 584 1170 671 imbutis,
1194 578 1369 677 Magnetes
1391 584 1583 675 artificiales
1605 596 1764 678 armati,
1790 592 1914 689 insrgne
1937 600 2026 689 po'rr.

488 686 549 757 dus
570 684 707 757 ferreum
732 682 917 779 gestantes,
943 679 1125 771 praestantii
1150 678 1349 749 naturalibus
1370 700 1575 773 nequaquam
1605 690 1786 777 cedentes,
1818 691 2006 766 efficiuntur

488 787 545 873 qui
565 784 678 855 iisdem
701 784 811 855 uibus
835 776 1036 875 Magneticis
1059 776 1199 847 servium
1220 797 1260 848 ac
1283 772 1485 865 Naturales,
1517 780 1553 853 dt
1570 784 1772 885 largissimam
1793 790 1860 861 vim
1880 750 2028 867 directa:

489 880 560 953 cem
581 900 659 953 cum
679 880 827 955 verlon’is
849 878 991 949 nauticis
1015 878 1274 947 communicant.

503 1014 507 1021 .
541 1014 573 1113 ὃ,
597 1006 903 1087 DCCCCXCIV.
929 1008 1012 1083 Sunt
1031 1030 1168 1101 quoque
1184 1012 1219 1081 in
1236 1008 1511 1179 Angliaiaventae
1531 1010 1675 1130 lingulae
1695 1022 1883 1115 magnetica
1901 1018 2035 1111 ΕΑΒ,

490 1218 630 1285 ncliitur
662 1208 798 1323 ferrum·
818 1206 888 1323 Q,
920 1228 961 1321 err
992 1228 1061 1297 que
1090 1202 1192 1323 Lanx·
1215 1228 1294 1309 cum
1330 1106 2032 1313 gauldaellgugltpilelntdlztewssllounlgtltllasrltss

487 1300 2031 1503 lliflllllla'llilnillllsl‘riiilialmiilisslim‘laall

486 1509 664 1590 meminit,
698 1500 856 1575 conledlae
877 1502 919 1571 ab
940 1496 1063 1571 artilice
1083 1496 1262 1587 Dietrich,
1297 1500 1392 1589 cuius
1412 1500 1563 1607 craffities
1590 1526 1613 1599 5
1639 1506 1752 1581 linear.
1777 1508 1916 1581 latitudo
1940 1529 1965 1601 9
1990 1508 2031 1581 li·

486 1628 575 1679 near.
595 1598 852 1673 circumferentia
875 1618 1008 1669 externa
1036 1598 1056 1669 8
1080 1598 1193 1690 pollic.
1219 1622 1294 1693 quae
1319 1594 1355 1669 ia
1385 1600 1440 1675 16.
1471 1602 1593 1677 attollit
1619 1604 1716 1699 (a).
1766 1606 1938 1699 Additque
1956 1605 2030 1679 Ua·

484 1702 634 1797 galatum
655 1698 804 1767 iimilium
823 1698 985 1809 variaeque
1005 1692 1238 1799 magnitudinis
1263 1698 1348 1771 vires
1361 1694 1496 1803 :infusas
1527 1699 1593 1771 elle
1626 1698 1672 1775 in'
1689 1705 1819 1776 ratione
1843 1703 2033 1797 superficiee

427 1929 437 1949 ·
486 1820 589 1967 mlle
605 1916 715 1969 autem
741 1896 776 1962 in
798 1888 934 1987 Ungula
956 1888 1088 1981 Equina
1110 1864 1238 1963 EMl⁴⁴
1254 1892 1415 1995 excitentr
1433 1894 1484 1989 via
1506 1892 1803 1995 magrretica,.'hoc
1827 1894 1935 1969 mede
1954 1920 2037 1990 pets

424 2005 435 2028 ⁶
489 1994 633 2093 gendum
658 1990 720 2065 est:
747 1990 930 2081 capiantur
947 1988 1075 2059 laminae
1096 1988 1188 2077 AB,
1217 1986 1296 2063 CD
1316 2040 1330 2074 ,
1354 1990 1475 2082 quilius
1499 1990 1550 2063 vis
1575 1988 1733 2091 generosa
1757 1994 1868 2080 inest,
1889 1993 2035 2088 jungan-

392 2091 400 2109 '
429 2088 439 2109 '
490 2116 541 2191 tut
560 2112 705 2163 extrema
726 2086 814 2159 ferto
839 2084 930 2175 ΟΡ,
952 2086 994 2157 ad
1005 2087 1225 2159 extremitates
1247 2088 1300 2173 A,
1326 2086 1382 2173 C,
1405 2108 1572 2185 ponantur
1596 2086 1700 2181 pedes
1718 2082 1774 2172 E,
1799 2088 1851 2179 F,
1875 2084 2031 2187 t'tngulae;

485 2192 631 2283 capiatur
654 2188 746 2258 tertia
773 2185 894 2258 lamina
916 2205 991 2275 quae
1014 2184 1051 2256 stt
1083 2182 1310 2281 Magnetica,
1342 2180 1494 2279 ejusque'
1507 2184 1691 2257 eudemum
1717 2180 1811 2279 quod
1830 2184 1965 2259 trahitur
1989 2190 2033 2263 ab

484 2293 540 2376 A,
564 2291 754 2377 imponatur
770 2285 848 2373 pedi
862 2282 916 2365 E,
941 2282 1078 2353 ducatur
1096 2281 1225 2355 fortiter
1242 2286 1284 2355 ab
1302 2282 1332 2353 Ε
1359 2284 1454 2373 supra
1476 2306 1590 2373 arcum
1607 2305 1712 2377 usque
1734 2283 1778 2355 ad
1800 2284 1946 2357 medium
1965 2284 2031 2374 M,

484 2390 533 2459 ibi
555 2384 708 2465 tollatur,
733 2372 770 2449 dt
790 2396 932 2469 ponamr
951 2378 1068 2445 iterum
1090 2376 1126 2445 in
1149 2374 1204 2457 E,
1232 2374 1354 2475 fiatque
1378 2374 1488 2447 friitio
1512 2396 1550 2449 ut
1572 2396 1672 2465 ante3
1702 2378 1930 2473 repetaturque
1945 2393 2033 2457 nen.

487 2488 574 2555 ties:
606 2500 677 2551 tum
699 2472 834 2547 fricetur
851 2492 926 2565 pars
947 2466 1093 2567 Ungula
1116 2472 1147 2545 F
1164 2472 1209 2545 ul
1234 2476 1276 2545 ab
1302 2473 1418 2545 eadem
1444 2474 1592 2561 lantina,
1617 2475 1673 2549 sed
1699 2499 1775 2549 cum
1800 2478 1903 2550 altero
1923 2494 2034 2553 ‘extre-

487 2592 565 2652 ino:
592 2574 712 2645 deinde
734 2574 910 2641 invertatur
932 2568 1056 2663 ungula
1082 2564 1118 2641 ἃ
1142 2569 1274 2643 laminae
1298 2562 1403 2657 ΑΒ,
1428 2568 1525 2657 CD,
1552 2594 1588 2645 ut
1611 2580 1673 2665 pes'
1696 2574 1728 2646 E
1757 2598 1872 2673 pergat
1896 2572 2034 2675 attinge·

487 2698 525 2748 re
554 2690 735 2743 extremum
767 2670 828 2753 A,
863 2662 989 2759 &pes
1021 2666 1054 2739 F
1087 2688 1271 2765 extremum
1305 2666 1337 2761 C
1370 2666 1501 2739 laminae
1534 2668 1640 2757 CD,
1673 2669 1819 2766 fiantque
1842 2673 2031 2749 fricationes

489 2786 530 2843 ut
551 2782 638 2841 ante.
691 2764 827 2861 Ungula
849 2784 991 2837 armatur
1014 2768 1062 2835 uti
1085 2758 1134 2837 eil
1159 2768 1195 2838 in
1221 2762 1446 2837 Tra-xxv.
1470 2764 1545 2859 Fig.
1572 2788 1606 2837 ι.
1948 2806 1953 2815 -

539 2894 573 2995 l.
597 2894 886 2971 Dccccxcv.
918 2894 1100 2990 Hucusque
1127 2916 1252 2968 tantum
1276 2896 1435 2991 magnetis
1459 2894 1679 2984 phaenomena
1709 2904 1906 2989 retulimus,
1949 2910 2037 2981 nihil

488 2998 633 3071 diximus
659 2996 728 3069 feta
753 2996 934 3067 decorum
958 2994 1076 3067 causa:
1109 2992 1169 3061 Est
1188 2990 1260 3061 lraec
1285 2994 1329 3061 ita
1353 2988 1556 3082 constituta,
1586 2998 1682 3066 utin
1706 2996 1816 3071 nu'llos
1841 3000 2033 3076 nostrorum

491 3092 641 3169 sensuum
661 3097 825 3167 incurrat:
860 3090 949 3165 Nam
969 3112 1031 3163 nec
1051 3088 1186 3173 Talia,
1210 3108 1273 3159 nec
1296 3084 1378 3157 Visa
1401 3086 1528 3177 aliquid
1552 3088 1596 3159 de
1620 3110 1661 3159 ea
1684 3092 1899 3191 detegimus,
1923 3100 2035 3173 multo

493 3194 603 3283 minus
623 3190 694 3263 aliis
714 3191 877 3265 sensoriis:
902 3188 1127 3261 difficillimum
1150 3183 1291 3277 proinde
1316 3186 1377 3256 erit
1401 3180 1529 3255 caulam
1554 3206 1689 3273 eruere,
1713 3212 1769 3261 aut
1793 3192 2036 3288 demonstrare,

498 3286 538 3363 dt
559 3310 601 3359 ex
624 3290 840 3361 demonstrata
861 3284 1018 3381 colligere
1042 3278 1178 3353 effertus
1194 3303 1290 3354 antea
1313 3302 1608 3371 commemoratos,
1634 3284 1784 3377 inprimis
1801 3290 1893 3388 leges
1907 3292 2040 3367 Attrac-

502 3392 633 3463 tiounm
652 3391 918 3485 magneticanun.
975 3458 989 3463 ,,

544 3532 577 3629 l.
604 3516 920 3601 DCCCCXCVI.
943 3514 1027 3589 Fert
1043 3518 1173 3589 animus
1188 3514 1342 3607 qtraedant
1362 3532 1578 3609 enumerare,
1601 3514 1637 3585 in
1661 3515 1779 3607 quibus
1802 3521 1852 3591 vis
1877 3526 2035 3619 magneti-

513 3652 554 3703 ca
571 3650 647 3699 cunr
671 3622 879 3695 eiecticiae
899 3618 1079 3701 convenit,
1103 3636 1161 3688 aut
1185 3614 1355 3711 discrepat.

556 3744 606 3799 ιι.
632 3719 756 3794 Differr
775 3716 819 3793 M
884 3718 970 3787 etica
990 3717 1040 3787 vis
1061 3716 1104 3787 ab
1128 3712 1377 3794 Electricitate,
1410 3712 1488 3799 quia
1518 3708 1713 3783 elilericitas
1736 3718 1860 3809 regitur
1882 3718 1924 3789 ab
1949 3716 2038 3791 efflu-

499 3829 562 3903 -n'is
586 3820 761 3897 manifesto
781 3820 817 3891 in
854 3812 951 3889 enlus
983 3814 1253 3896 incurrentibus,
1284 3828 1359 3881 cum
1390 3804 1474 3875 nihil
1507 3808 1600 3897 quod
1629 3809 1676 3879 eli
1708 3818 1897 3907 magnetis,
1927 3814 2037 3891 sensus

495 3920 808 4095 noggasglgilffiit
832 4018 882 4089 vis
911 4012 1105 4109 lllagnetica
1135 4024 1212 4077 cum
1239 3997 1477 4085 eleilricitate,
1501 4000 1594 4091 qued
1617 3998 1768 4077 frictione
1793 4028 1929 4105 utraque
1952 4016 2038 4085 exci-

501 4122 561 4187 tari
589 4115 695 4209 polilt.
745 4110 870 4184 Differt
892 4110 1014 4185 tamen.

553 4216 647 4308 (a.)
676 4210 766 4309 Quia
784 4209 826 4279 ad
856 4210 924 4281 virn
946 4203 1161 4301 magneticam
1185 4196 1219 4267 ln
1244 4192 1331 4270 serto
1354 4196 1560 4271 excitandam
1591 4196 1740 4277 frictione
1764 4228 1851 4301 opus
1877 4208 1925 4281 est
1949 4226 2041 4283 cerro

506 4309 610 4383 modo
637 4310 868 4381 determinata:
893 4306 930 4375 in
954 4298 1112 4375 eleiiricis
1135 4294 1292 4387 qualibet
1312 4294 1424 4373 stillio
1439 4294 1570 4393 sufficit.
1824 4404 1847 4501 (
1885 4407 1908 4501 )
1934 4402 1971 4479 D
1987 4404 2023 4475 In

1433 4424 1437 4429 '
1855 4411 1878 4485 β
1971 4426 1988 4477 e
2022 4440 2038 4459 ·

545 4626 602 4711 (a)
623 4620 772 4691 Noutelle
792 4617 977 4698 Bibliotheq.
999 4614 1171 4731 Germanlq.
1192 4616 1283 4680 Τοιιι.
1302 4610 1354 4679 ιι.
1376 4600 1450 4696 ptrt'.
1469 4628 1500 4679 a.
1518 4636 1583 4695 pag.
1606 4622 1678 4691 αις.-
