<?xml version="1.0" encoding="UTF-8"?>
<!DOCTYPE html PUBLIC "-//W3C//DTD XHTML 1.0 Transitional//EN"
    "http://www.w3.org/TR/xhtml1/DTD/xhtml1-transitional.dtd">
<html xmlns="http://www.w3.org/1999/xhtml" xml:lang="en" lang="en">
 <head>
  <title>
</title>
<meta http-equiv="Content-Type" content="text/html;charset=utf-8" />
  <meta name='ocr-system' content='tesseract 3.04.00' />
  <meta name='ocr-capabilities' content='ocr_page ocr_carea ocr_par ocr_line ocrx_word'/>
</head>
<body>
  <div class='ocr_page' id='page_1' title='image "./introductioadph01lulogoog_0135.png"; bbox 0 0 4538 6072; ppageno 0'>
   <div class='ocr_carea' id='block_1_1' title="bbox 534 281 1783 432">
    <p class='ocr_par' dir='ltr' id='par_1_1' title="bbox 534 281 1783 432">
     <span class='ocr_line' id='line_1_1' title="bbox 534 281 1783 432; baseline -0.011 -1"><span class='ocrx_word' id='word_1_1' title='bbox 534 347 633 432; x_wconf 77' lang='lat' dir='ltr'>toa·</span> <span class='ocrx_word' id='word_1_2' title='bbox 741 399 742 404; x_wconf 14' lang='lat' dir='ltr'>a</span> <span class='ocrx_word' id='word_1_3' title='bbox 858 281 1783 425; x_wconf 67' lang='lat' dir='ltr'>vocatura-aru.</span> 
     </span>
    </p>
   </div>
   <div class='ocr_carea' id='block_1_2' title="bbox 463 509 2167 2870">
    <p class='ocr_par' dir='ltr' id='par_1_2' title="bbox 463 509 2167 2870">
     <span class='ocr_line' id='line_1_2' title="bbox 531 509 2062 630; baseline -0.007 -16"><span class='ocrx_word' id='word_1_4' title='bbox 531 533 803 630; x_wconf 76' lang='lat' dir='ltr'>hemispherium.</span> <span class='ocrx_word' id='word_1_5' title='bbox 853 525 957 623; x_wconf 89' lang='lat' dir='ltr'>Quod</span> <span class='ocrx_word' id='word_1_6' title='bbox 982 547 1080 602; x_wconf 85' lang='lat' dir='ltr'>manu</span> <span class='ocrx_word' id='word_1_7' title='bbox 1110 509 1267 617; x_wconf 82' lang='lat' dir='ltr'>suspendo</span> <span class='ocrx_word' id='word_1_8' title='bbox 1286 541 1433 612; x_wconf 85' lang='lat' dir='ltr'>corpus,</span> <span class='ocrx_word' id='word_1_9' title='bbox 1457 521 1592 618; x_wconf 71' lang='lat' dir='ltr'>gnadun</span> <span class='ocrx_word' id='word_1_10' title='bbox 1608 527 1643 596; x_wconf 92' lang='lat' dir='ltr'>in</span> <span class='ocrx_word' id='word_1_11' title='bbox 1662 523 1814 610; x_wconf 87' lang='lat' dir='ltr'>Terram,</span> <span class='ocrx_word' id='word_1_12' title='bbox 1841 522 1877 599; x_wconf 82' lang='lat' dir='ltr'>dt</span> <span class='ocrx_word' id='word_1_13' title='bbox 1897 523 1998 602; x_wconf 78' lang='lat' dir='ltr'>&#39;serra</span> <span class='ocrx_word' id='word_1_14' title='bbox 2015 535 2062 603; x_wconf 83' lang='lat' dir='ltr'>vi-</span> 
     </span>
     <span class='ocr_line' id='line_1_3' title="bbox 534 619 2061 732; baseline -0.008 -21"><span class='ocrx_word' id='word_1_15' title='bbox 534 637 634 712; x_wconf 84' lang='lat' dir='ltr'>cissm</span> <span class='ocrx_word' id='word_1_16' title='bbox 650 635 782 732; x_wconf 84' lang='lat' dir='ltr'>gravitat</span> <span class='ocrx_word' id='word_1_17' title='bbox 795 625 905 700; x_wconf 90' lang='lat' dir='ltr'>inhoc</span> <span class='ocrx_word' id='word_1_18' title='bbox 923 625 1011 698; x_wconf 89' lang='lat' dir='ltr'>idem</span> <span class='ocrx_word' id='word_1_19' title='bbox 1033 645 1163 715; x_wconf 88' lang='lat' dir='ltr'>eorpus.</span> <span class='ocrx_word' id='word_1_20' title='bbox 1213 619 1311 692; x_wconf 87' lang='lat' dir='ltr'>Nisus</span> <span class='ocrx_word' id='word_1_21' title='bbox 1327 619 1382 688; x_wconf 91' lang='lat' dir='ltr'>bic</span> <span class='ocrx_word' id='word_1_22' title='bbox 1405 639 1556 704; x_wconf 88' lang='lat' dir='ltr'>mutuus,</span> <span class='ocrx_word' id='word_1_23' title='bbox 1581 639 1650 712; x_wconf 89' lang='lat' dir='ltr'>quo</span> <span class='ocrx_word' id='word_1_24' title='bbox 1671 627 1779 720; x_wconf 82' lang='lat' dir='ltr'>gravia</span> <span class='ocrx_word' id='word_1_25' title='bbox 1796 624 1841 696; x_wconf 84' lang='lat' dir='ltr'>ad</span> <span class='ocrx_word' id='word_1_26' title='bbox 1856 625 1890 696; x_wconf 88' lang='lat' dir='ltr'>se</span> <span class='ocrx_word' id='word_1_27' title='bbox 1903 643 2061 722; x_wconf 76' lang='lat' dir='ltr'>aguntur,</span> 
     </span>
     <span class='ocr_line' id='line_1_4' title="bbox 532 715 2063 824; baseline -0.017 -14"><span class='ocrx_word' id='word_1_28' title='bbox 532 735 654 818; x_wconf 86' lang='lat' dir='ltr'>efficit,</span> <span class='ocrx_word' id='word_1_29' title='bbox 678 751 714 802; x_wconf 91' lang='lat' dir='ltr'>ut</span> <span class='ocrx_word' id='word_1_30' title='bbox 726 745 822 824; x_wconf 79' lang='lat' dir='ltr'>graue</span> <span class='ocrx_word' id='word_1_31' title='bbox 836 744 877 793; x_wconf 87' lang='lat' dir='ltr'>ex</span> <span class='ocrx_word' id='word_1_32' title='bbox 890 721 1063 820; x_wconf 86' lang='lat' dir='ltr'>filolongo</span> <span class='ocrx_word' id='word_1_33' title='bbox 1079 717 1214 792; x_wconf 85' lang='lat' dir='ltr'>flexibili</span> <span class='ocrx_word' id='word_1_34' title='bbox 1235 715 1431 810; x_wconf 87' lang='lat' dir='ltr'>pendulum,</span> <span class='ocrx_word' id='word_1_35' title='bbox 1456 737 1524 788; x_wconf 92' lang='lat' dir='ltr'>non</span> <span class='ocrx_word' id='word_1_36' title='bbox 1549 721 1668 808; x_wconf 91' lang='lat' dir='ltr'>procul</span> <span class='ocrx_word' id='word_1_37' title='bbox 1696 742 1715 789; x_wconf 84' lang='lat' dir='ltr'>a</span> <span class='ocrx_word' id='word_1_38' title='bbox 1743 719 1841 792; x_wconf 86' lang='lat' dir='ltr'>latere</span> <span class='ocrx_word' id='word_1_39' title='bbox 1862 723 1940 797; x_wconf 85' lang='lat' dir='ltr'>vasi</span> <span class='ocrx_word' id='word_1_40' title='bbox 1968 746 2063 796; x_wconf 89' lang='lat' dir='ltr'>mon.</span> 
     </span>
     <span class='ocr_line' id='line_1_5' title="bbox 535 808 2065 919; baseline -0.003 -19"><span class='ocrx_word' id='word_1_41' title='bbox 535 837 600 918; x_wconf 71' lang='lat' dir='ltr'>tis,</span> <span class='ocrx_word' id='word_1_42' title='bbox 620 847 714 919; x_wconf 80' lang='lat' dir='ltr'>eque</span> <span class='ocrx_word' id='word_1_43' title='bbox 740 821 783 896; x_wconf 90' lang='lat' dir='ltr'>ad</span> <span class='ocrx_word' id='word_1_44' title='bbox 804 819 940 892; x_wconf 80' lang='lat' dir='ltr'>Terram</span> <span class='ocrx_word' id='word_1_45' title='bbox 953 843 993 892; x_wconf 86' lang='lat' dir='ltr'>ac</span> <span class='ocrx_word' id='word_1_46' title='bbox 1010 821 1051 892; x_wconf 90' lang='lat' dir='ltr'>ad</span> <span class='ocrx_word' id='word_1_47' title='bbox 1063 819 1211 890; x_wconf 81' lang='lat' dir='ltr'>moniam</span> <span class='ocrx_word' id='word_1_48' title='bbox 1227 815 1402 910; x_wconf 79' lang='lat' dir='ltr'>dirigatur,</span> <span class='ocrx_word' id='word_1_49' title='bbox 1436 808 1634 906; x_wconf 84' lang='lat' dir='ltr'>&amp;proinde</span> <span class='ocrx_word' id='word_1_50' title='bbox 1663 837 1729 888; x_wconf 93' lang='lat' dir='ltr'>non</span> <span class='ocrx_word' id='word_1_51' title='bbox 1757 839 1780 909; x_wconf 88' lang='lat' dir='ltr'>p</span> <span class='ocrx_word' id='word_1_52' title='bbox 1841 821 2065 896; x_wconf 82' lang='lat' dir='ltr'>endiculariter</span> 
     </span>
     <span class='ocr_line' id='line_1_6' title="bbox 532 839 2066 1012; baseline -0.007 -10"><span class='ocrx_word' id='word_1_53' title='bbox 532 930 577 1002; x_wconf 86' lang='lat' dir='ltr'>ad</span> <span class='ocrx_word' id='word_1_54' title='bbox 609 925 721 998; x_wconf 84' lang='lat' dir='ltr'>Terrae</span> <span class='ocrx_word' id='word_1_55' title='bbox 742 917 962 1012; x_wconf 83' lang='lat' dir='ltr'>superficiem,</span> <span class='ocrx_word' id='word_1_56' title='bbox 988 918 1042 990; x_wconf 85' lang='lat' dir='ltr'>sed</span> <span class='ocrx_word' id='word_1_57' title='bbox 1070 915 1209 1006; x_wconf 88' lang='lat' dir='ltr'>obliquo</span> <span class='ocrx_word' id='word_1_58' title='bbox 1231 913 1308 984; x_wconf 86' lang='lat' dir='ltr'>stu:</span> <span class='ocrx_word' id='word_1_59' title='bbox 1335 911 1426 1002; x_wconf 92' lang='lat' dir='ltr'>quod</span> <span class='ocrx_word' id='word_1_60' title='bbox 1451 909 1627 1012; x_wconf 83' lang='lat' dir='ltr'>admodum</span> <span class='ocrx_word' id='word_1_61' title='bbox 1649 839 1846 1006; x_wconf 42' lang='lat' dir='ltr'>operosaqgr</span> <span class='ocrx_word' id='word_1_62' title='bbox 1869 915 1991 990; x_wconf 84' lang='lat' dir='ltr'>difficili</span> <span class='ocrx_word' id='word_1_63' title='bbox 2000 922 2066 992; x_wconf 88' lang='lat' dir='ltr'>ob·</span> 
     </span>
     <span class='ocr_line' id='line_1_7' title="bbox 490 1008 2068 1110; baseline -0.01 -9"><span class='ocrx_word' id='word_1_64' title='bbox 490 1065 496 1082; x_wconf 53' lang='grc' dir='ltr'>ι</span> <span class='ocrx_word' id='word_1_65' title='bbox 532 1025 713 1102; x_wconf 82' lang='lat' dir='ltr'>servatione</span> <span class='ocrx_word' id='word_1_66' title='bbox 734 1019 897 1091; x_wconf 76' lang='lat' dir='ltr'>detedtum</span> <span class='ocrx_word' id='word_1_67' title='bbox 928 1019 970 1088; x_wconf 90' lang='lat' dir='ltr'>ab</span> <span class='ocrx_word' id='word_1_68' title='bbox 987 1011 1223 1088; x_wconf 80' lang='lat' dir='ltr'>accuratissimis</span> <span class='ocrx_word' id='word_1_69' title='bbox 1242 1009 1500 1082; x_wconf 81' lang='lat' dir='ltr'>observatoribus</span> <span class='ocrx_word' id='word_1_70' title='bbox 1531 1008 1762 1084; x_wconf 87' lang='lat' dir='ltr'>Condamineo</span> <span class='ocrx_word' id='word_1_71' title='bbox 1788 1010 1825 1084; x_wconf 83' lang='lat' dir='ltr'>dt</span> <span class='ocrx_word' id='word_1_72' title='bbox 1852 1013 2068 1110; x_wconf 83' lang='lat' dir='ltr'>Bouguerio,</span> 
     </span>
     <span class='ocr_line' id='line_1_8' title="bbox 536 1107 2070 1202; baseline -0.008 -6"><span class='ocrx_word' id='word_1_73' title='bbox 536 1121 724 1198; x_wconf 81' lang='lat' dir='ltr'>nountibus</span> <span class='ocrx_word' id='word_1_74' title='bbox 754 1114 875 1198; x_wconf 85' lang='lat' dir='ltr'>uastum</span> <span class='ocrx_word' id='word_1_75' title='bbox 905 1133 1054 1190; x_wconf 88' lang='lat' dir='ltr'>montem</span> <span class='ocrx_word' id='word_1_76' title='bbox 1074 1109 1327 1190; x_wconf 88' lang='lat' dir='ltr'>Cbimboraco,</span> <span class='ocrx_word' id='word_1_77' title='bbox 1360 1107 1395 1176; x_wconf 93' lang='lat' dir='ltr'>in</span> <span class='ocrx_word' id='word_1_78' title='bbox 1421 1125 1526 1202; x_wconf 82' lang='lat' dir='ltr'>regno</span> <span class='ocrx_word' id='word_1_79' title='bbox 1548 1107 1699 1182; x_wconf 89' lang='lat' dir='ltr'>Peruano</span> <span class='ocrx_word' id='word_1_80' title='bbox 1719 1129 1826 1200; x_wconf 82' lang='lat' dir='ltr'>prope</span> <span class='ocrx_word' id='word_1_81' title='bbox 1846 1109 2070 1201; x_wconf 87' lang='lat' dir='ltr'>AEquatorem</span> 
     </span>
     <span class='ocr_line' id='line_1_9' title="bbox 535 1201 2069 1314; baseline -0.01 -19.01"><span class='ocrx_word' id='word_1_82' title='bbox 535 1218 733 1314; x_wconf 88' lang='lat' dir='ltr'>pendulum,</span> <span class='ocrx_word' id='word_1_83' title='bbox 758 1233 824 1284; x_wconf 87' lang='lat' dir='ltr'>tam</span> <span class='ocrx_word' id='word_1_84' title='bbox 844 1234 862 1282; x_wconf 88' lang='lat' dir='ltr'>a</span> <span class='ocrx_word' id='word_1_85' title='bbox 883 1231 974 1303; x_wconf 87' lang='lat' dir='ltr'>parte</span> <span class='ocrx_word' id='word_1_86' title='bbox 995 1212 1117 1292; x_wconf 85' lang='lat' dir='ltr'>borea,</span> <span class='ocrx_word' id='word_1_87' title='bbox 1143 1227 1240 1298; x_wconf 93' lang='lat' dir='ltr'>quam</span> <span class='ocrx_word' id='word_1_88' title='bbox 1262 1201 1407 1288; x_wconf 85' lang='lat' dir='ltr'>australi,</span> <span class='ocrx_word' id='word_1_89' title='bbox 1437 1203 1479 1274; x_wconf 89' lang='lat' dir='ltr'>ad</span> <span class='ocrx_word' id='word_1_90' title='bbox 1509 1202 1541 1274; x_wconf 92' lang='lat' dir='ltr'>se</span> <span class='ocrx_word' id='word_1_91' title='bbox 1566 1225 1608 1276; x_wconf 86' lang='lat' dir='ltr'>ex</span> <span class='ocrx_word' id='word_1_92' title='bbox 1632 1205 1690 1276; x_wconf 86' lang='lat' dir='ltr'>litu</span> <span class='ocrx_word' id='word_1_93' title='bbox 1718 1207 1862 1282; x_wconf 85' lang='lat' dir='ltr'>verticali</span> <span class='ocrx_word' id='word_1_94' title='bbox 1888 1207 1945 1280; x_wconf 92' lang='lat' dir='ltr'>sub</span> <span class='ocrx_word' id='word_1_95' title='bbox 1966 1229 2069 1304; x_wconf 85' lang='lat' dir='ltr'>angu-</span> 
     </span>
     <span class='ocr_line' id='line_1_10' title="bbox 536 1294 2072 1410; baseline -0.009 -19"><span class='ocrx_word' id='word_1_96' title='bbox 536 1317 573 1390; x_wconf 90' lang='lat' dir='ltr'>lo</span> <span class='ocrx_word' id='word_1_97' title='bbox 595 1337 618 1410; x_wconf 85' lang='lat'><em>7</em></span> <span class='ocrx_word' id='word_1_98' title='bbox 644 1294 696 1388; x_wconf 77' lang='lat' dir='ltr'>vsi</span> <span class='ocrx_word' id='word_1_99' title='bbox 716 1313 736 1384; x_wconf 90' lang='lat'><em>8</em></span> <span class='ocrx_word' id='word_1_100' title='bbox 761 1305 810 1380; x_wconf 73' lang='lat' dir='ltr'>mu</span> <span class='ocrx_word' id='word_1_101' title='bbox 837 1307 971 1380; x_wconf 84' lang='lat' dir='ltr'>traxisse.</span> <span class='ocrx_word' id='word_1_102' title='bbox 998 1306 1076 1401; x_wconf 87' lang='lat' dir='ltr'>(a)</span> <span class='ocrx_word' id='word_1_103' title='bbox 1103 1301 1249 1399; x_wconf 85' lang='lat' dir='ltr'>Quando</span> <span class='ocrx_word' id='word_1_104' title='bbox 1263 1300 1348 1372; x_wconf 89' lang='lat' dir='ltr'>solus</span> <span class='ocrx_word' id='word_1_105' title='bbox 1364 1321 1461 1372; x_wconf 92' lang='lat' dir='ltr'>mous</span> <span class='ocrx_word' id='word_1_106' title='bbox 1476 1317 1645 1392; x_wconf 78' lang='lat' dir='ltr'>tantopere</span> <span class='ocrx_word' id='word_1_107' title='bbox 1665 1321 1817 1394; x_wconf 85' lang='lat' dir='ltr'>operatur</span> <span class='ocrx_word' id='word_1_108' title='bbox 1832 1305 1866 1374; x_wconf 94' lang='lat' dir='ltr'>in</span> <span class='ocrx_word' id='word_1_109' title='bbox 1879 1325 1976 1400; x_wconf 87' lang='lat' dir='ltr'>grave</span> <span class='ocrx_word' id='word_1_110' title='bbox 1988 1327 2072 1396; x_wconf 77' lang='lat' dir='ltr'>pem</span> 
     </span>
     <span class='ocr_line' id='line_1_11' title="bbox 537 1395 2072 1499; baseline -0.008 -13"><span class='ocrx_word' id='word_1_111' title='bbox 537 1413 673 1499; x_wconf 92' lang='lat' dir='ltr'>dulum,</span> <span class='ocrx_word' id='word_1_112' title='bbox 693 1399 754 1482; x_wconf 84' lang='lat' dir='ltr'>&#39;en</span> <span class='ocrx_word' id='word_1_113' title='bbox 778 1406 876 1488; x_wconf 74' lang='lat' dir='ltr'>asilus</span> <span class='ocrx_word' id='word_1_114' title='bbox 903 1407 1073 1488; x_wconf 86' lang='lat' dir='ltr'>marinus,</span> <span class='ocrx_word' id='word_1_115' title='bbox 1099 1403 1218 1492; x_wconf 89' lang='lat' dir='ltr'>quibis</span> <span class='ocrx_word' id='word_1_116' title='bbox 1240 1399 1351 1486; x_wconf 63' lang='lat' dir='ltr'>indies,</span> <span class='ocrx_word' id='word_1_117' title='bbox 1365 1395 1539 1489; x_wconf 85' lang='lat' dir='ltr'>plurimum</span> <span class='ocrx_word' id='word_1_118' title='bbox 1554 1419 1650 1490; x_wconf 88' lang='lat' dir='ltr'>aquae</span> <span class='ocrx_word' id='word_1_119' title='bbox 1663 1400 1704 1470; x_wconf 88' lang='lat' dir='ltr'>ad</span> <span class='ocrx_word' id='word_1_120' title='bbox 1719 1398 1827 1472; x_wconf 90' lang='lat' dir='ltr'>littora</span> <span class='ocrx_word' id='word_1_121' title='bbox 1838 1403 1990 1492; x_wconf 90' lang='lat' dir='ltr'>apprimit</span> <span class='ocrx_word' id='word_1_122' title='bbox 2002 1404 2072 1476; x_wconf 77' lang='lat' dir='ltr'>abi</span> 
     </span>
     <span class='ocr_line' id='line_1_12' title="bbox 533 1496 2073 1693; baseline -0.006 -12.098"><span class='ocrx_word' id='word_1_123' title='bbox 533 1500 1190 1693; x_wconf 46' lang='lat' dir='ltr'>sillia“lillllslltllllltll&#39;l</span> <span class='ocrx_word' id='word_1_124' title='bbox 1203 1496 2003 1684; x_wconf 60' lang='lat' dir='ltr'>ssssstlssslssss‘lsss</span> <span class='ocrx_word' id='word_1_125' title='bbox 2021 1521 2073 1672; x_wconf 76' lang='lat' dir='ltr'>‘t</span> 
     </span>
     <span class='ocr_line' id='line_1_13' title="bbox 856 1641 1615 1687; baseline -0.008 -2"><span class='ocrx_word' id='word_1_126' title='bbox 856 1652 868 1687; x_wconf 72' lang='lat' dir='ltr'>i</span> <span class='ocrx_word' id='word_1_127' title='bbox 1122 1645 1134 1680; x_wconf 74' lang='grc'>9</span> <span class='ocrx_word' id='word_1_128' title='bbox 1603 1641 1615 1680; x_wconf 70' lang='lat'><em>2</em></span> 
     </span>
     <span class='ocr_line' id='line_1_14' title="bbox 463 1617 2062 1798; baseline -0.012 -19"><span class='ocrx_word' id='word_1_129' title='bbox 463 1737 468 1744; x_wconf 94' lang='lat'><strong>·</strong></span> <span class='ocrx_word' id='word_1_130' title='bbox 531 1704 700 1798; x_wconf 87' lang='lat' dir='ltr'>bucusque</span> <span class='ocrx_word' id='word_1_131' title='bbox 721 1699 880 1772; x_wconf 88' lang='lat' dir='ltr'>obseruari</span> <span class='ocrx_word' id='word_1_132' title='bbox 901 1718 970 1768; x_wconf 93' lang='lat' dir='ltr'>non</span> <span class='ocrx_word' id='word_1_133' title='bbox 990 1695 1150 1788; x_wconf 86' lang='lat' dir='ltr'>potuerit:</span> <span class='ocrx_word' id='word_1_134' title='bbox 1175 1693 1223 1762; x_wconf 89' lang='lat' dir='ltr'>uti</span> <span class='ocrx_word' id='word_1_135' title='bbox 1245 1711 1288 1762; x_wconf 86' lang='lat' dir='ltr'>ex</span> <span class='ocrx_word' id='word_1_136' title='bbox 1308 1685 1342 1786; x_wconf 65' lang='lat' dir='ltr'>s·</span> <span class='ocrx_word' id='word_1_137' title='bbox 1371 1708 1453 1784; x_wconf 75' lang='lat'><strong>335.</strong></span> <span class='ocrx_word' id='word_1_138' title='bbox 1478 1691 1589 1786; x_wconf 85' lang='lat' dir='ltr'>colligi</span> <span class='ocrx_word' id='word_1_139' title='bbox 1611 1690 1729 1784; x_wconf 86' lang='lat' dir='ltr'>potest.</span> <span class='ocrx_word' id='word_1_140' title='bbox 1880 1617 1924 1694; x_wconf 65' lang='lat' dir='ltr'>gu</span> <span class='ocrx_word' id='word_1_141' title='bbox 1988 1647 2000 1686; x_wconf 71' lang='grc'><strong>’</strong></span> <span class='ocrx_word' id='word_1_142' title='bbox 2056 1701 2062 1712; x_wconf 88' lang='grc'><strong><em>·</em></strong></span> 
     </span>
     <span class='ocr_line' id='line_1_15' title="bbox 535 1800 2073 1916; baseline -0.003 -26"><span class='ocrx_word' id='word_1_143' title='bbox 535 1895 540 1902; x_wconf 67' lang='grc'><strong>,</strong></span> <span class='ocrx_word' id='word_1_144' title='bbox 582 1815 614 1916; x_wconf 71' lang='lat' dir='ltr'>s.</span> <span class='ocrx_word' id='word_1_145' title='bbox 639 1810 866 1890; x_wconf 89' lang='lat' dir='ltr'><strong>CCCLXIV.</strong></span> <span class='ocrx_word' id='word_1_146' title='bbox 891 1805 1016 1879; x_wconf 89' lang='lat' dir='ltr'>Verum</span> <span class='ocrx_word' id='word_1_147' title='bbox 1038 1803 1085 1876; x_wconf 90' lang='lat' dir='ltr'>est</span> <span class='ocrx_word' id='word_1_148' title='bbox 1105 1803 1241 1899; x_wconf 84' lang='lat' dir='ltr'>grauitas</span> <span class='ocrx_word' id='word_1_149' title='bbox 1265 1800 1447 1891; x_wconf 82' lang='lat' dir='ltr'>proprietas</span> <span class='ocrx_word' id='word_1_150' title='bbox 1471 1801 1676 1890; x_wconf 84' lang='lat' dir='ltr'>universalis,</span> <span class='ocrx_word' id='word_1_151' title='bbox 1701 1825 1893 1898; x_wconf 84' lang='lat' dir='ltr'>competens</span> <span class='ocrx_word' id='word_1_152' title='bbox 1917 1813 2073 1888; x_wconf 77' lang='lat' dir='ltr'>omnibus</span> 
     </span>
     <span class='ocr_line' id='line_1_16' title="bbox 535 1897 2073 2008; baseline -0.005 -19"><span class='ocrx_word' id='word_1_153' title='bbox 535 1915 721 2008; x_wconf 82' lang='lat' dir='ltr'>systematis</span> <span class='ocrx_word' id='word_1_154' title='bbox 750 1907 917 2003; x_wconf 84' lang='lat' dir='ltr'>planetarii</span> <span class='ocrx_word' id='word_1_155' title='bbox 949 1902 1160 1994; x_wconf 89' lang='lat' dir='ltr'>corporibus:</span> <span class='ocrx_word' id='word_1_156' title='bbox 1185 1897 1269 1979; x_wconf 85' lang='lat' dir='ltr'>adeo</span> <span class='ocrx_word' id='word_1_157' title='bbox 1293 1915 1330 1966; x_wconf 92' lang='lat' dir='ltr'>ut</span> <span class='ocrx_word' id='word_1_158' title='bbox 1356 1917 1473 1970; x_wconf 89' lang='lat' dir='ltr'>omnes</span> <span class='ocrx_word' id='word_1_159' title='bbox 1487 1898 1627 1990; x_wconf 85' lang='lat' dir='ltr'>planetae</span> <span class='ocrx_word' id='word_1_160' title='bbox 1642 1903 1677 1971; x_wconf 92' lang='lat' dir='ltr'>in</span> <span class='ocrx_word' id='word_1_161' title='bbox 1696 1901 1728 1972; x_wconf 91' lang='lat' dir='ltr'>se</span> <span class='ocrx_word' id='word_1_162' title='bbox 1750 1925 1865 1976; x_wconf 91' lang='lat' dir='ltr'>mutuo</span> <span class='ocrx_word' id='word_1_163' title='bbox 1888 1913 2073 2002; x_wconf 69' lang='lat' dir='ltr'>gmr’item,</span> 
     </span>
     <span class='ocr_line' id='line_1_17' title="bbox 532 1990 2072 2108; baseline -0.01 -20"><span class='ocrx_word' id='word_1_164' title='bbox 532 2016 699 2108; x_wconf 78' lang='lat' dir='ltr'>precipue</span> <span class='ocrx_word' id='word_1_165' title='bbox 722 2007 817 2082; x_wconf 90' lang='lat' dir='ltr'>Luna</span> <span class='ocrx_word' id='word_1_166' title='bbox 839 2009 872 2076; x_wconf 94' lang='lat' dir='ltr'>in</span> <span class='ocrx_word' id='word_1_167' title='bbox 897 2002 1060 2084; x_wconf 87' lang='lat' dir='ltr'>Terram,</span> <span class='ocrx_word' id='word_1_168' title='bbox 1095 1993 1130 2070; x_wconf 81' lang='lat' dir='ltr'>dt</span> <span class='ocrx_word' id='word_1_169' title='bbox 1157 1995 1259 2066; x_wconf 86' lang='lat' dir='ltr'>Tetra</span> <span class='ocrx_word' id='word_1_170' title='bbox 1287 1995 1321 2069; x_wconf 87' lang='lat' dir='ltr'>iu</span> <span class='ocrx_word' id='word_1_171' title='bbox 1346 1990 1495 2082; x_wconf 87' lang='lat' dir='ltr'>Lunam,</span> <span class='ocrx_word' id='word_1_172' title='bbox 1521 1993 1670 2070; x_wconf 86' lang='lat' dir='ltr'>&amp;ambo</span> <span class='ocrx_word' id='word_1_173' title='bbox 1697 2020 1838 2092; x_wconf 88' lang='lat' dir='ltr'>corpora</span> <span class='ocrx_word' id='word_1_174' title='bbox 1853 2001 1943 2078; x_wconf 86' lang='lat' dir='ltr'>smol</span> <span class='ocrx_word' id='word_1_175' title='bbox 1956 2011 1989 2080; x_wconf 84' lang='lat' dir='ltr'>in</span> <span class='ocrx_word' id='word_1_176' title='bbox 2008 2009 2072 2082; x_wconf 81' lang='lat' dir='ltr'>so·</span> 
     </span>
     <span class='ocr_line' id='line_1_18' title="bbox 532 2089 2167 2198; baseline -0.013 -13"><span class='ocrx_word' id='word_1_177' title='bbox 532 2113 621 2198; x_wconf 87' lang='lat' dir='ltr'>lem,</span> <span class='ocrx_word' id='word_1_178' title='bbox 647 2105 683 2180; x_wconf 89' lang='lat'>&amp;</span> <span class='ocrx_word' id='word_1_179' title='bbox 709 2110 743 2180; x_wconf 91' lang='lat' dir='ltr'>in</span> <span class='ocrx_word' id='word_1_180' title='bbox 767 2123 882 2176; x_wconf 89' lang='lat' dir='ltr'>omnes</span> <span class='ocrx_word' id='word_1_181' title='bbox 902 2100 983 2171; x_wconf 91' lang='lat' dir='ltr'>alios</span> <span class='ocrx_word' id='word_1_182' title='bbox 1006 2097 1167 2189; x_wconf 88' lang='lat' dir='ltr'>planetas:</span> <span class='ocrx_word' id='word_1_183' title='bbox 1195 2089 1470 2184; x_wconf 83' lang='lat' dir='ltr'>quemadmodum</span> <span class='ocrx_word' id='word_1_184' title='bbox 1490 2093 1606 2186; x_wconf 89' lang='lat' dir='ltr'>reliqui</span> <span class='ocrx_word' id='word_1_185' title='bbox 1623 2094 1762 2186; x_wconf 67' lang='lat' dir='ltr'>planete</span> <span class='ocrx_word' id='word_1_186' title='bbox 1782 2103 1939 2192; x_wconf 71' lang='lat' dir='ltr'>graviaaut</span> <span class='ocrx_word' id='word_1_187' title='bbox 1959 2107 1992 2178; x_wconf 73' lang='lat' dir='ltr'>in</span> <span class='ocrx_word' id='word_1_188' title='bbox 2006 2107 2072 2188; x_wconf 72' lang='lat'>30-</span> <span class='ocrx_word' id='word_1_189' title='bbox 2162 2154 2167 2164; x_wconf 91' lang='lat'>.</span> 
     </span>
     <span class='ocr_line' id='line_1_19' title="bbox 528 2187 2073 2291; baseline -0.008 -9"><span class='ocrx_word' id='word_1_190' title='bbox 528 2209 622 2291; x_wconf 86' lang='lat' dir='ltr'>lem,</span> <span class='ocrx_word' id='word_1_191' title='bbox 654 2203 689 2278; x_wconf 77' lang='grc' dir='ltr'>δι</span> <span class='ocrx_word' id='word_1_192' title='bbox 717 2203 802 2276; x_wconf 88' lang='lat' dir='ltr'>inse</span> <span class='ocrx_word' id='word_1_193' title='bbox 824 2219 956 2272; x_wconf 90' lang='lat' dir='ltr'>mutuo:</span> <span class='ocrx_word' id='word_1_194' title='bbox 982 2194 1106 2284; x_wconf 88' lang='lat' dir='ltr'>Estque</span> <span class='ocrx_word' id='word_1_195' title='bbox 1126 2191 1203 2264; x_wconf 89' lang='lat' dir='ltr'>haec</span> <span class='ocrx_word' id='word_1_196' title='bbox 1232 2187 1304 2260; x_wconf 86' lang='lat' dir='ltr'>Lex</span> <span class='ocrx_word' id='word_1_197' title='bbox 1329 2191 1513 2284; x_wconf 78' lang='lat' dir='ltr'>gravitatis,</span> <span class='ocrx_word' id='word_1_198' title='bbox 1538 2212 1575 2264; x_wconf 90' lang='lat' dir='ltr'>ut</span> <span class='ocrx_word' id='word_1_199' title='bbox 1596 2213 1712 2266; x_wconf 86' lang='lat' dir='ltr'>omnes</span> <span class='ocrx_word' id='word_1_200' title='bbox 1735 2195 1874 2286; x_wconf 87' lang='lat' dir='ltr'>planetae</span> <span class='ocrx_word' id='word_1_201' title='bbox 1892 2198 2073 2272; x_wconf 85' lang='lat' dir='ltr'>secundarii</span> 
     </span>
     <span class='ocr_line' id='line_1_20' title="bbox 530 2283 2074 2386; baseline -0.006 -6"><span class='ocrx_word' id='word_1_202' title='bbox 530 2297 696 2380; x_wconf 83' lang='lat' dir='ltr'>unacum</span> <span class='ocrx_word' id='word_1_203' title='bbox 725 2297 917 2373; x_wconf 86' lang='lat' dir='ltr'>secundariis</span> <span class='ocrx_word' id='word_1_204' title='bbox 936 2297 971 2366; x_wconf 92' lang='lat' dir='ltr'>in</span> <span class='ocrx_word' id='word_1_205' title='bbox 997 2291 1109 2364; x_wconf 90' lang='lat' dir='ltr'>Solem</span> <span class='ocrx_word' id='word_1_206' title='bbox 1130 2289 1290 2386; x_wconf 79' lang='lat' dir='ltr'>grauitent</span> <span class='ocrx_word' id='word_1_207' title='bbox 1314 2287 1350 2356; x_wconf 90' lang='lat' dir='ltr'>ln</span> <span class='ocrx_word' id='word_1_208' title='bbox 1374 2289 1500 2360; x_wconf 85' lang='lat' dir='ltr'>ratione</span> <span class='ocrx_word' id='word_1_209' title='bbox 1514 2283 1637 2368; x_wconf 72' lang='lat' dir='ltr'>inversi</span> <span class='ocrx_word' id='word_1_210' title='bbox 1657 2297 1886 2381; x_wconf 82' lang='lat' dir='ltr'>quadratorum</span> <span class='ocrx_word' id='word_1_211' title='bbox 1909 2295 2074 2380; x_wconf 73' lang='lat' dir='ltr'>distantia,-</span> 
     </span>
     <span class='ocr_line' id='line_1_21' title="bbox 463 2383 2072 2496; baseline -0.019 -17"><span class='ocrx_word' id='word_1_212' title='bbox 463 2448 466 2455; x_wconf 94' lang='lat'>·</span> <span class='ocrx_word' id='word_1_213' title='bbox 530 2425 625 2496; x_wconf 89' lang='lat' dir='ltr'>rum,</span> <span class='ocrx_word' id='word_1_214' title='bbox 651 2397 825 2472; x_wconf 89' lang='lat' dir='ltr'>secundani</span> <span class='ocrx_word' id='word_1_215' title='bbox 843 2417 863 2466; x_wconf 86' lang='lat' dir='ltr'>a</span> <span class='ocrx_word' id='word_1_216' title='bbox 881 2395 938 2466; x_wconf 89' lang='lat' dir='ltr'>suo</span> <span class='ocrx_word' id='word_1_217' title='bbox 962 2391 1139 2480; x_wconf 90' lang='lat' dir='ltr'>primario,</span> <span class='ocrx_word' id='word_1_218' title='bbox 1164 2385 1306 2478; x_wconf 90' lang='lat' dir='ltr'>primarii</span> <span class='ocrx_word' id='word_1_219' title='bbox 1330 2383 1465 2456; x_wconf 74' lang='lat' dir='ltr'>asnia.</span> <span class='ocrx_word' id='word_1_220' title='bbox 1516 2383 1685 2478; x_wconf 84' lang='lat' dir='ltr'>Quoniam</span> <span class='ocrx_word' id='word_1_221' title='bbox 1703 2389 1778 2458; x_wconf 88' lang='lat' dir='ltr'>litus</span> <span class='ocrx_word' id='word_1_222' title='bbox 1792 2395 1940 2468; x_wconf 80' lang='lat' dir='ltr'>omnimo</span> <span class='ocrx_word' id='word_1_223' title='bbox 1955 2395 2072 2482; x_wconf 67' lang='lat' dir='ltr'>plane.</span> 
     </span>
     <span class='ocr_line' id='line_1_22' title="bbox 531 2477 2072 2578; baseline -0.01 -3"><span class='ocrx_word' id='word_1_224' title='bbox 531 2521 635 2574; x_wconf 81' lang='lat' dir='ltr'>tarum</span> <span class='ocrx_word' id='word_1_225' title='bbox 650 2495 693 2576; x_wconf 67' lang='lat' dir='ltr'>,ds</span> <span class='ocrx_word' id='word_1_226' title='bbox 723 2493 884 2567; x_wconf 83' lang='lat' dir='ltr'>dillandae</span> <span class='ocrx_word' id='word_1_227' title='bbox 908 2491 927 2561; x_wconf 76' lang='lat' dir='ltr'>d</span> <span class='ocrx_word' id='word_1_228' title='bbox 949 2486 1053 2568; x_wconf 75' lang='lat' dir='ltr'>Terta</span> <span class='ocrx_word' id='word_1_229' title='bbox 1069 2501 1236 2575; x_wconf 88' lang='lat' dir='ltr'>perpetuo</span> <span class='ocrx_word' id='word_1_230' title='bbox 1258 2478 1463 2569; x_wconf 85' lang='lat' dir='ltr'>discrepant,</span> <span class='ocrx_word' id='word_1_231' title='bbox 1497 2477 1625 2551; x_wconf 90' lang='lat' dir='ltr'>nullum</span> <span class='ocrx_word' id='word_1_232' title='bbox 1649 2500 1782 2570; x_wconf 82' lang='lat' dir='ltr'>corpus</span> <span class='ocrx_word' id='word_1_233' title='bbox 1793 2504 1892 2578; x_wconf 85' lang='lat' dir='ltr'>grave</span> <span class='ocrx_word' id='word_1_234' title='bbox 1910 2490 1947 2578; x_wconf 86' lang='lat' dir='ltr'>in</span> <span class='ocrx_word' id='word_1_235' title='bbox 1958 2488 2072 2564; x_wconf 73' lang='lat' dir='ltr'>nostra</span> 
     </span>
     <span class='ocr_line' id='line_1_23' title="bbox 531 2571 2076 2686; baseline -0.011 -14"><span class='ocrx_word' id='word_1_236' title='bbox 531 2619 615 2674; x_wconf 84' lang='lat' dir='ltr'>tetra</span> <span class='ocrx_word' id='word_1_237' title='bbox 643 2595 769 2686; x_wconf 89' lang='lat' dir='ltr'>semper</span> <span class='ocrx_word' id='word_1_238' title='bbox 792 2591 834 2664; x_wconf 88' lang='lat' dir='ltr'>ad</span> <span class='ocrx_word' id='word_1_239' title='bbox 859 2589 950 2660; x_wconf 91' lang='lat' dir='ltr'>idem</span> <span class='ocrx_word' id='word_1_240' title='bbox 963 2657 967 2664; x_wconf 76' lang='grc'><strong>,</strong></span> <span class='ocrx_word' id='word_1_241' title='bbox 982 2584 1141 2673; x_wconf 72' lang='lat' dir='ltr'>punitum</span> <span class='ocrx_word' id='word_1_242' title='bbox 1164 2583 1306 2660; x_wconf 90' lang='lat' dir='ltr'>nitetur,</span> <span class='ocrx_word' id='word_1_243' title='bbox 1332 2571 1369 2645; x_wconf 83' lang='lat' dir='ltr'>dt</span> <span class='ocrx_word' id='word_1_244' title='bbox 1391 2577 1467 2665; x_wconf 89' lang='lat' dir='ltr'>quia</span> <span class='ocrx_word' id='word_1_245' title='bbox 1492 2575 1594 2658; x_wconf 83' lang='lat' dir='ltr'>Terra</span> <span class='ocrx_word' id='word_1_246' title='bbox 1615 2574 1663 2648; x_wconf 86' lang='lat' dir='ltr'>est</span> <span class='ocrx_word' id='word_1_247' title='bbox 1685 2579 1853 2652; x_wconf 86' lang='lat' dir='ltr'>montibus</span> <span class='ocrx_word' id='word_1_248' title='bbox 1872 2582 2076 2680; x_wconf 82' lang='lat' dir='ltr'>vallibusque</span> 
     </span>
     <span class='ocr_line' id='line_1_24' title="bbox 530 2671 2075 2784; baseline -0.006 -17"><span class='ocrx_word' id='word_1_249' title='bbox 530 2697 661 2784; x_wconf 85' lang='lat' dir='ltr'>aspera,</span> <span class='ocrx_word' id='word_1_250' title='bbox 686 2693 747 2761; x_wconf 90' lang='lat' dir='ltr'>erit</span> <span class='ocrx_word' id='word_1_251' title='bbox 764 2687 849 2758; x_wconf 90' lang='lat' dir='ltr'>nisus</span> <span class='ocrx_word' id='word_1_252' title='bbox 874 2679 1023 2753; x_wconf 90' lang='lat' dir='ltr'>omnium</span> <span class='ocrx_word' id='word_1_253' title='bbox 1103 2678 1191 2758; x_wconf 86' lang='lat' dir='ltr'>vium</span> <span class='ocrx_word' id='word_1_254' title='bbox 1217 2671 1312 2742; x_wconf 86' lang='lat' dir='ltr'>ualde</span> <span class='ocrx_word' id='word_1_255' title='bbox 1336 2671 1559 2760; x_wconf 89' lang='lat' dir='ltr'>compostus,</span> <span class='ocrx_word' id='word_1_256' title='bbox 1582 2691 1625 2744; x_wconf 82' lang='lat' dir='ltr'>ex</span> <span class='ocrx_word' id='word_1_257' title='bbox 1645 2692 1715 2764; x_wconf 88' lang='lat' dir='ltr'>quo</span> <span class='ocrx_word' id='word_1_258' title='bbox 1734 2675 1912 2752; x_wconf 82' lang='lat' dir='ltr'>necessario</span> <span class='ocrx_word' id='word_1_259' title='bbox 1933 2682 2075 2762; x_wconf 71' lang='lat' dir='ltr'>directio</span> 
     </span>
     <span class='ocr_line' id='line_1_25' title="bbox 530 2765 1618 2870; baseline -0.023 -7"><span class='ocrx_word' id='word_1_260' title='bbox 530 2787 710 2864; x_wconf 88' lang='lat' dir='ltr'>admodum</span> <span class='ocrx_word' id='word_1_261' title='bbox 729 2778 931 2870; x_wconf 84' lang='lat' dir='ltr'>composta,</span> <span class='ocrx_word' id='word_1_262' title='bbox 956 2794 1025 2846; x_wconf 91' lang='lat' dir='ltr'>non</span> <span class='ocrx_word' id='word_1_263' title='bbox 1079 2771 1143 2842; x_wconf 87' lang='lat' dir='ltr'>cile</span> <span class='ocrx_word' id='word_1_264' title='bbox 1169 2765 1432 2850; x_wconf 85' lang='lat' dir='ltr'>determinanda,</span> <span class='ocrx_word' id='word_1_265' title='bbox 1456 2770 1618 2838; x_wconf 81' lang='lat' dir='ltr'>uticam.-</span> 
     </span>
    </p>
   </div>
   <div class='ocr_carea' id='block_1_3' title="bbox 508 2875 2079 3960">
    <p class='ocr_par' dir='ltr' id='par_1_3' title="bbox 526 2875 2079 3372">
     <span class='ocr_line' id='line_1_26' title="bbox 549 2875 2076 3000; baseline -0.003 -32"><span class='ocrx_word' id='word_1_266' title='bbox 549 2955 559 2968; x_wconf 92' lang='lat'><em>.</em></span> <span class='ocrx_word' id='word_1_267' title='bbox 584 2901 616 3000; x_wconf 58' lang='grc' dir='ltr'>ς.</span> <span class='ocrx_word' id='word_1_268' title='bbox 642 2888 851 2970; x_wconf 87' lang='lat' dir='ltr'><strong>CCCLXV.</strong></span> <span class='ocrx_word' id='word_1_269' title='bbox 877 2884 1041 2983; x_wconf 76' lang='lat' dir='ltr'>Quanam</span> <span class='ocrx_word' id='word_1_270' title='bbox 1072 2901 1152 2952; x_wconf 89' lang='lat' dir='ltr'>vero</span> <span class='ocrx_word' id='word_1_271' title='bbox 1174 2877 1221 2950; x_wconf 87' lang='lat' dir='ltr'>est</span> <span class='ocrx_word' id='word_1_272' title='bbox 1245 2875 1338 2950; x_wconf 84' lang='lat' dir='ltr'>causa</span> <span class='ocrx_word' id='word_1_273' title='bbox 1356 2875 1542 2970; x_wconf 76' lang='lat' dir='ltr'>gravitatis?</span> <span class='ocrx_word' id='word_1_274' title='bbox 1568 2875 1653 2948; x_wconf 78' lang='lat' dir='ltr'>Hae</span> <span class='ocrx_word' id='word_1_275' title='bbox 1671 2899 1741 2950; x_wconf 87' lang='lat' dir='ltr'>non</span> <span class='ocrx_word' id='word_1_276' title='bbox 1763 2882 1897 2955; x_wconf 85' lang='lat' dir='ltr'>incurrit</span> <span class='ocrx_word' id='word_1_277' title='bbox 1912 2887 1947 2958; x_wconf 93' lang='lat' dir='ltr'>in</span> <span class='ocrx_word' id='word_1_278' title='bbox 1964 2885 2076 2964; x_wconf 87' lang='lat' dir='ltr'>sensus</span> 
     </span>
     <span class='ocr_line' id='line_1_27' title="bbox 533 2972 2076 3081; baseline -0.012 -5"><span class='ocrx_word' id='word_1_279' title='bbox 533 3001 683 3081; x_wconf 87' lang='lat' dir='ltr'>nostros,</span> <span class='ocrx_word' id='word_1_280' title='bbox 718 2988 753 3063; x_wconf 72' lang='grc' dir='ltr'>δι</span> <span class='ocrx_word' id='word_1_281' title='bbox 784 2988 860 3060; x_wconf 92' lang='lat' dir='ltr'>ideo</span> <span class='ocrx_word' id='word_1_282' title='bbox 882 2978 1093 3056; x_wconf 86' lang='lat' dir='ltr'>demonstrari</span> <span class='ocrx_word' id='word_1_283' title='bbox 1117 2997 1185 3049; x_wconf 91' lang='lat' dir='ltr'>non</span> <span class='ocrx_word' id='word_1_284' title='bbox 1207 2976 1346 3066; x_wconf 90' lang='lat' dir='ltr'>poterit:</span> <span class='ocrx_word' id='word_1_285' title='bbox 1372 2981 1440 3046; x_wconf 85' lang='lat' dir='ltr'>bon</span> <span class='ocrx_word' id='word_1_286' title='bbox 1464 2972 1589 3046; x_wconf 86' lang='lat' dir='ltr'>uidetur</span> <span class='ocrx_word' id='word_1_287' title='bbox 1614 2973 1678 3046; x_wconf 86' lang='lat' dir='ltr'>elle</span> <span class='ocrx_word' id='word_1_288' title='bbox 1700 2975 1890 3050; x_wconf 88' lang='lat' dir='ltr'>mechanica</span> <span class='ocrx_word' id='word_1_289' title='bbox 1913 2987 2076 3072; x_wconf 84' lang='lat' dir='ltr'>quaedam</span> 
     </span>
     <span class='ocr_line' id='line_1_28' title="bbox 526 3068 2075 3196; baseline -0.007 -30"><span class='ocrx_word' id='word_1_290' title='bbox 526 3098 682 3196; x_wconf 62' lang='lat' dir='ltr'>ponenda</span> <span class='ocrx_word' id='word_1_291' title='bbox 711 3084 904 3162; x_wconf 83' lang='lat' dir='ltr'>extrinsecus</span> <span class='ocrx_word' id='word_1_292' title='bbox 933 3101 1093 3174; x_wconf 84' lang='lat' dir='ltr'>operans,</span> <span class='ocrx_word' id='word_1_293' title='bbox 1117 3093 1173 3146; x_wconf 88' lang='lat' dir='ltr'>aut</span> <span class='ocrx_word' id='word_1_294' title='bbox 1201 3071 1355 3144; x_wconf 87' lang='lat' dir='ltr'>Fluidum</span> <span class='ocrx_word' id='word_1_295' title='bbox 1391 3068 1640 3162; x_wconf 89' lang='lat' dir='ltr'>qualecunque,</span> <span class='ocrx_word' id='word_1_296' title='bbox 1675 3073 1777 3156; x_wconf 89' lang='lat' dir='ltr'>molle</span> <span class='ocrx_word' id='word_1_297' title='bbox 1800 3074 1853 3146; x_wconf 92' lang='lat' dir='ltr'>vel</span> <span class='ocrx_word' id='word_1_298' title='bbox 1882 3076 2075 3169; x_wconf 87' lang='lat' dir='ltr'>elasticum,</span> 
     </span>
     <span class='ocr_line' id='line_1_29' title="bbox 529 3165 2079 3293; baseline -0.017 -21"><span class='ocrx_word' id='word_1_299' title='bbox 529 3201 680 3293; x_wconf 86' lang='lat' dir='ltr'>quiemm</span> <span class='ocrx_word' id='word_1_300' title='bbox 699 3209 754 3264; x_wconf 91' lang='lat' dir='ltr'>aut</span> <span class='ocrx_word' id='word_1_301' title='bbox 774 3187 957 3281; x_wconf 83' lang='lat' dir='ltr'>agitatum,</span> <span class='ocrx_word' id='word_1_302' title='bbox 991 3175 1083 3270; x_wconf 94' lang='lat' dir='ltr'>quod</span> <span class='ocrx_word' id='word_1_303' title='bbox 1105 3191 1244 3265; x_wconf 87' lang='lat' dir='ltr'>corpora</span> <span class='ocrx_word' id='word_1_304' title='bbox 1263 3167 1485 3246; x_wconf 87' lang='lat' dir='ltr'>incumbendo</span> <span class='ocrx_word' id='word_1_305' title='bbox 1505 3189 1676 3259; x_wconf 87' lang='lat' dir='ltr'>premeret.</span> <span class='ocrx_word' id='word_1_306' title='bbox 1704 3187 1755 3256; x_wconf 67' lang='lat' dir='ltr'>rr.</span> <span class='ocrx_word' id='word_1_307' title='bbox 1779 3165 1948 3264; x_wconf 85' lang='lat' dir='ltr'>Quoniam</span> <span class='ocrx_word' id='word_1_308' title='bbox 1967 3182 2079 3272; x_wconf 79' lang='lat' dir='ltr'>graqi·</span> 
     </span>
     <span class='ocr_line' id='line_1_30' title="bbox 530 3266 2077 3372; baseline -0.017 0"><span class='ocrx_word' id='word_1_309' title='bbox 530 3317 585 3372; x_wconf 87' lang='lat' dir='ltr'>tas</span> <span class='ocrx_word' id='word_1_310' title='bbox 598 3291 717 3366; x_wconf 90' lang='lat' dir='ltr'>eodem</span> <span class='ocrx_word' id='word_1_311' title='bbox 738 3285 842 3357; x_wconf 91' lang='lat' dir='ltr'>modo</span> <span class='ocrx_word' id='word_1_312' title='bbox 865 3297 1018 3370; x_wconf 87' lang='lat' dir='ltr'>operatur</span> <span class='ocrx_word' id='word_1_313' title='bbox 1041 3277 1075 3346; x_wconf 93' lang='lat' dir='ltr'>in</span> <span class='ocrx_word' id='word_1_314' title='bbox 1090 3293 1210 3362; x_wconf 89' lang='lat' dir='ltr'>corpus</span> <span class='ocrx_word' id='word_1_315' title='bbox 1227 3266 1416 3360; x_wconf 86' lang='lat' dir='ltr'>quiescens,</span> <span class='ocrx_word' id='word_1_316' title='bbox 1441 3287 1480 3336; x_wconf 88' lang='lat' dir='ltr'>ac</span> <span class='ocrx_word' id='word_1_317' title='bbox 1494 3267 1528 3338; x_wconf 92' lang='lat' dir='ltr'>in</span> <span class='ocrx_word' id='word_1_318' title='bbox 1544 3288 1664 3359; x_wconf 91' lang='lat' dir='ltr'>corpus</span> <span class='ocrx_word' id='word_1_319' title='bbox 1681 3266 1861 3360; x_wconf 86' lang='lat' dir='ltr'>praerapida</span> <span class='ocrx_word' id='word_1_320' title='bbox 1882 3269 2077 3366; x_wconf 87' lang='lat' dir='ltr'>celeritate,</span> 
     </span>
    </p>

    <p class='ocr_par' dir='ltr' id='par_1_4' title="bbox 508 3363 2074 3479">
     <span class='ocr_line' id='line_1_31' title="bbox 508 3363 2074 3479; baseline -0.013 -13"><span class='ocrx_word' id='word_1_321' title='bbox 508 3371 621 3466; x_wconf 49' lang='lat' dir='ltr'>&#39;dein</span> <span class='ocrx_word' id='word_1_322' title='bbox 643 3401 838 3479; x_wconf 85' lang='lat' dir='ltr'>quacunque</span> <span class='ocrx_word' id='word_1_323' title='bbox 859 3375 1037 3447; x_wconf 72' lang='lat' dir='ltr'>directione</span> <span class='ocrx_word' id='word_1_324' title='bbox 1061 3371 1186 3442; x_wconf 77' lang='lat' dir='ltr'>adium:</span> <span class='ocrx_word' id='word_1_325' title='bbox 1213 3365 1368 3461; x_wconf 78' lang='lat' dir='ltr'>Cognita</span> <span class='ocrx_word' id='word_1_326' title='bbox 1391 3383 1501 3436; x_wconf 88' lang='lat' dir='ltr'>autem</span> <span class='ocrx_word' id='word_1_327' title='bbox 1526 3385 1642 3436; x_wconf 89' lang='lat' dir='ltr'>omnes</span> <span class='ocrx_word' id='word_1_328' title='bbox 1662 3363 1827 3456; x_wconf 87' lang='lat' dir='ltr'>hucusque</span> <span class='ocrx_word' id='word_1_329' title='bbox 1850 3371 2010 3458; x_wconf 87' lang='lat' dir='ltr'>potentiae</span> <span class='ocrx_word' id='word_1_330' title='bbox 2032 3395 2074 3445; x_wconf 91' lang='lat' dir='ltr'>o-</span> 
     </span>
    </p>

    <p class='ocr_par' dir='ltr' id='par_1_5' title="bbox 524 3460 2076 3960">
     <span class='ocr_line' id='line_1_32' title="bbox 535 3460 2075 3585; baseline -0.015 -22"><span class='ocrx_word' id='word_1_331' title='bbox 535 3503 688 3585; x_wconf 86' lang='lat' dir='ltr'>perantur</span> <span class='ocrx_word' id='word_1_332' title='bbox 714 3484 748 3553; x_wconf 93' lang='lat' dir='ltr'>in</span> <span class='ocrx_word' id='word_1_333' title='bbox 770 3479 917 3569; x_wconf 90' lang='lat' dir='ltr'>quietum</span> <span class='ocrx_word' id='word_1_334' title='bbox 934 3472 1088 3544; x_wconf 86' lang='lat' dir='ltr'>omnibus</span> <span class='ocrx_word' id='word_1_335' title='bbox 1109 3466 1171 3538; x_wconf 91' lang='lat' dir='ltr'>suis</span> <span class='ocrx_word' id='word_1_336' title='bbox 1187 3465 1330 3556; x_wconf 81' lang='lat' dir='ltr'>uiribus,</span> <span class='ocrx_word' id='word_1_337' title='bbox 1355 3464 1535 3552; x_wconf 84' lang='lat' dir='ltr'>inmotum</span> <span class='ocrx_word' id='word_1_338' title='bbox 1557 3462 1712 3537; x_wconf 77' lang='lat' dir='ltr'>dtmtmtat</span> <span class='ocrx_word' id='word_1_339' title='bbox 1732 3460 1861 3534; x_wconf 85' lang='lat' dir='ltr'>excessu</span> <span class='ocrx_word' id='word_1_340' title='bbox 1877 3467 2012 3540; x_wconf 86' lang='lat' dir='ltr'>uirium:</span> <span class='ocrx_word' id='word_1_341' title='bbox 2039 3473 2075 3546; x_wconf 87' lang='lat' dir='ltr'>id</span> 
     </span>
     <span class='ocr_line' id='line_1_33' title="bbox 535 3557 2074 3664; baseline -0.025 0"><span class='ocrx_word' id='word_1_342' title='bbox 535 3591 626 3664; x_wconf 85' lang='lat' dir='ltr'>circo</span> <span class='ocrx_word' id='word_1_343' title='bbox 647 3582 670 3654; x_wconf 86' lang='lat' dir='ltr'>st</span> <span class='ocrx_word' id='word_1_344' title='bbox 692 3577 863 3652; x_wconf 86' lang='lat' dir='ltr'>assumatur</span> <span class='ocrx_word' id='word_1_345' title='bbox 876 3569 1030 3646; x_wconf 88' lang='lat' dir='ltr'>Fluidum</span> <span class='ocrx_word' id='word_1_346' title='bbox 1050 3563 1229 3640; x_wconf 90' lang='lat' dir='ltr'>admodum</span> <span class='ocrx_word' id='word_1_347' title='bbox 1251 3557 1393 3646; x_wconf 91' lang='lat' dir='ltr'>subtile,</span> <span class='ocrx_word' id='word_1_348' title='bbox 1411 3557 1678 3653; x_wconf 83' lang='lat' dir='ltr'>causagravitatis</span> <span class='ocrx_word' id='word_1_349' title='bbox 1694 3609 1706 3643; x_wconf 92' lang='lat'>,</span> <span class='ocrx_word' id='word_1_350' title='bbox 1724 3559 1859 3634; x_wconf 89' lang='lat' dir='ltr'>deberet</span> <span class='ocrx_word' id='word_1_351' title='bbox 1882 3566 1995 3660; x_wconf 63' lang='lat' dir='ltr'>aptam</span> <span class='ocrx_word' id='word_1_352' title='bbox 2015 3592 2074 3642; x_wconf 87' lang='lat' dir='ltr'>ve.</span> 
     </span>
     <span class='ocr_line' id='line_1_34' title="bbox 524 3655 2076 3764; baseline -0.008 -17"><span class='ocrx_word' id='word_1_353' title='bbox 524 3686 670 3760; x_wconf 81' lang='lat' dir='ltr'>incitate</span> <span class='ocrx_word' id='word_1_354' title='bbox 702 3674 828 3748; x_wconf 85' lang='lat' dir='ltr'>irtfinite</span> <span class='ocrx_word' id='word_1_355' title='bbox 850 3690 989 3764; x_wconf 86' lang='lat' dir='ltr'>magna,</span> <span class='ocrx_word' id='word_1_356' title='bbox 1013 3685 1049 3737; x_wconf 90' lang='lat' dir='ltr'>ut</span> <span class='ocrx_word' id='word_1_357' title='bbox 1065 3667 1105 3752; x_wconf 30' lang='lat' dir='ltr'>,in¹</span> <span class='ocrx_word' id='word_1_358' title='bbox 1122 3680 1244 3752; x_wconf 84' lang='lat' dir='ltr'>corpus</span> <span class='ocrx_word' id='word_1_359' title='bbox 1262 3677 1382 3754; x_wconf 85' lang='lat' dir='ltr'>graue,</span> <span class='ocrx_word' id='word_1_360' title='bbox 1405 3655 1585 3746; x_wconf 79' lang='lat' dir='ltr'>praerapida</span> <span class='ocrx_word' id='word_1_361' title='bbox 1603 3657 1777 3733; x_wconf 86' lang='lat' dir='ltr'>velocitate</span> <span class='ocrx_word' id='word_1_362' title='bbox 1800 3679 1949 3750; x_wconf 89' lang='lat' dir='ltr'>morum,</span> <span class='ocrx_word' id='word_1_363' title='bbox 1966 3670 2016 3739; x_wconf 89' lang='lat' dir='ltr'>uti</span> <span class='ocrx_word' id='word_1_364' title='bbox 2039 3672 2076 3742; x_wconf 84' lang='lat' dir='ltr'>in</span> 
     </span>
     <span class='ocr_line' id='line_1_35' title="bbox 525 3751 2076 3877; baseline 0.002 -45"><span class='ocrx_word' id='word_1_365' title='bbox 525 3785 682 3877; x_wconf 63' lang='lat' dir='ltr'>,quietum</span> <span class='ocrx_word' id='word_1_366' title='bbox 707 3770 835 3866; x_wconf 73' lang='lat' dir='ltr'>operari</span> <span class='ocrx_word' id='word_1_367' title='bbox 852 3765 967 3860; x_wconf 87' lang='lat' dir='ltr'>poffit;</span> <span class='ocrx_word' id='word_1_368' title='bbox 985 3765 1151 3851; x_wconf 80' lang='lat' dir='ltr'>utriusque</span> <span class='ocrx_word' id='word_1_369' title='bbox 1170 3753 1295 3828; x_wconf 85' lang='lat' dir='ltr'>assumti</span> <span class='ocrx_word' id='word_1_370' title='bbox 1316 3751 1404 3826; x_wconf 89' lang='lat' dir='ltr'>nulla</span> <span class='ocrx_word' id='word_1_371' title='bbox 1418 3751 1466 3824; x_wconf 88' lang='lat' dir='ltr'>est</span> <span class='ocrx_word' id='word_1_372' title='bbox 1489 3754 1571 3824; x_wconf 85' lang='lat' dir='ltr'>bass</span> <span class='ocrx_word' id='word_1_373' title='bbox 1584 3775 1683 3830; x_wconf 81' lang='lat' dir='ltr'>cetra.</span> <span class='ocrx_word' id='word_1_374' title='bbox 1715 3765 1764 3828; x_wconf 83' lang='lat'>2⁰.</span> <span class='ocrx_word' id='word_1_375' title='bbox 1789 3755 2019 3848; x_wconf 76' lang='lat' dir='ltr'>Labefatiatur</span> <span class='ocrx_word' id='word_1_376' title='bbox 2038 3789 2076 3839; x_wconf 88' lang='lat' dir='ltr'>e-</span> 
     </span>
     <span class='ocr_line' id='line_1_36' title="bbox 525 3849 2072 3960; baseline -0.018 -2"><span class='ocrx_word' id='word_1_377' title='bbox 525 3885 615 3960; x_wconf 80' lang='lat' dir='ltr'>tiam</span> <span class='ocrx_word' id='word_1_378' title='bbox 637 3872 812 3954; x_wconf 81' lang='lat' dir='ltr'>sententia,</span> <span class='ocrx_word' id='word_1_379' title='bbox 837 3867 913 3958; x_wconf 92' lang='lat' dir='ltr'>quia</span> <span class='ocrx_word' id='word_1_380' title='bbox 936 3863 1074 3958; x_wconf 82' lang='lat' dir='ltr'>gravitas</span> <span class='ocrx_word' id='word_1_381' title='bbox 1097 3849 1352 3948; x_wconf 90' lang='lat' dir='ltr'>proportionalis</span> <span class='ocrx_word' id='word_1_382' title='bbox 1374 3851 1420 3920; x_wconf 89' lang='lat' dir='ltr'>est</span> <span class='ocrx_word' id='word_1_383' title='bbox 1441 3854 1611 3942; x_wconf 84' lang='lat' dir='ltr'>quantitati</span> <span class='ocrx_word' id='word_1_384' title='bbox 1631 3856 1792 3942; x_wconf 87' lang='lat' dir='ltr'>materiae,</span> <span class='ocrx_word' id='word_1_385' title='bbox 1816 3878 1883 3928; x_wconf 92' lang='lat' dir='ltr'>non</span> <span class='ocrx_word' id='word_1_386' title='bbox 1904 3865 2072 3954; x_wconf 85' lang='lat' dir='ltr'>mtgm&#39;tu-</span> 
     </span>
    </p>
   </div>
   <div class='ocr_carea' id='block_1_4' title="bbox 324 3945 2073 4064">
    <p class='ocr_par' dir='ltr' id='par_1_6' title="bbox 324 3945 2073 4064">
     <span class='ocr_line' id='line_1_37' title="bbox 324 3945 2073 4064; baseline -0.01 -22"><span class='ocrx_word' id='word_1_387' title='bbox 324 4027 329 4042; x_wconf 94' lang='lat'><em>.</em></span> <span class='ocrx_word' id='word_1_388' title='bbox 393 3977 395 3982; x_wconf 85' lang='lat'>&#39;</span> <span class='ocrx_word' id='word_1_389' title='bbox 525 3979 605 4052; x_wconf 83' lang='lat' dir='ltr'>dini</span> <span class='ocrx_word' id='word_1_390' title='bbox 626 3967 822 4064; x_wconf 84' lang='lat' dir='ltr'>superficiei:</span> <span class='ocrx_word' id='word_1_391' title='bbox 848 3977 1058 4055; x_wconf 77' lang='lat' dir='ltr'>quaecunque</span> <span class='ocrx_word' id='word_1_392' title='bbox 1078 3973 1185 4026; x_wconf 90' lang='lat' dir='ltr'>autem</span> <span class='ocrx_word' id='word_1_393' title='bbox 1203 3952 1334 4046; x_wconf 83' lang='lat' dir='ltr'>cognita</span> <span class='ocrx_word' id='word_1_394' title='bbox 1362 3945 1461 4020; x_wconf 87' lang='lat' dir='ltr'>fluida</span> <span class='ocrx_word' id='word_1_395' title='bbox 1481 3969 1634 4040; x_wconf 85' lang='lat' dir='ltr'>premunt</span> <span class='ocrx_word' id='word_1_396' title='bbox 1644 3949 1706 4022; x_wconf 88' lang='lat' dir='ltr'>alia</span> <span class='ocrx_word' id='word_1_397' title='bbox 1726 3973 1867 4046; x_wconf 92' lang='lat' dir='ltr'>corpora</span> <span class='ocrx_word' id='word_1_398' title='bbox 1890 3955 2073 4034; x_wconf 70' lang='lat' dir='ltr'>iuratione</span> 
     </span>
    </p>
   </div>
   <div class='ocr_carea' id='block_1_5' title="bbox 468 4045 2074 4362">
    <p class='ocr_par' dir='ltr' id='par_1_7' title="bbox 468 4045 2074 4362">
     <span class='ocr_line' id='line_1_38' title="bbox 536 4045 2073 4164; baseline -0.008 -20"><span class='ocrx_word' id='word_1_399' title='bbox 536 4071 803 4164; x_wconf 87' lang='lat' dir='ltr'>superficierum,</span> <span class='ocrx_word' id='word_1_400' title='bbox 838 4080 918 4152; x_wconf 89' lang='lat' dir='ltr'>quas</span> <span class='ocrx_word' id='word_1_401' title='bbox 948 4073 1087 4145; x_wconf 89' lang='lat' dir='ltr'>corpora</span> <span class='ocrx_word' id='word_1_402' title='bbox 1113 4045 1231 4140; x_wconf 87' lang='lat' dir='ltr'>prellui</span> <span class='ocrx_word' id='word_1_403' title='bbox 1253 4065 1447 4138; x_wconf 91' lang='lat' dir='ltr'>opponunt,</span> <span class='ocrx_word' id='word_1_404' title='bbox 1471 4066 1679 4141; x_wconf 19' lang='lat' dir='ltr'>nequaquam!</span> <span class='ocrx_word' id='word_1_405' title='bbox 1701 4050 1735 4122; x_wconf 92' lang='lat' dir='ltr'>in</span> <span class='ocrx_word' id='word_1_406' title='bbox 1763 4054 1887 4124; x_wconf 88' lang='lat' dir='ltr'>ratione</span> <span class='ocrx_word' id='word_1_407' title='bbox 1909 4062 2073 4135; x_wconf 69' lang='lat' dir='ltr'>materia:</span> 
     </span>
     <span class='ocr_line' id='line_1_39' title="bbox 468 4141 2074 4260; baseline -0.017 -24"><span class='ocrx_word' id='word_1_408' title='bbox 468 4231 470 4236; x_wconf 83' lang='lat'><em>.</em></span> <span class='ocrx_word' id='word_1_409' title='bbox 537 4169 650 4260; x_wconf 83' lang='lat' dir='ltr'>estque</span> <span class='ocrx_word' id='word_1_410' title='bbox 675 4165 762 4240; x_wconf 88' lang='lat' dir='ltr'>idem</span> <span class='ocrx_word' id='word_1_411' title='bbox 788 4157 936 4248; x_wconf 88' lang='lat' dir='ltr'>corporis</span> <span class='ocrx_word' id='word_1_412' title='bbox 954 4156 994 4224; x_wconf 87' lang='lat' dir='ltr'>in</span> <span class='ocrx_word' id='word_1_413' title='bbox 1019 4167 1123 4221; x_wconf 87' lang='lat' dir='ltr'>uacuo</span> <span class='ocrx_word' id='word_1_414' title='bbox 1141 4141 1294 4237; x_wconf 92' lang='lat' dir='ltr'>pondus,</span> <span class='ocrx_word' id='word_1_415' title='bbox 1317 4161 1545 4236; x_wconf 88' lang='lat' dir='ltr'>quamcunque</span> <span class='ocrx_word' id='word_1_416' title='bbox 1563 4166 1683 4240; x_wconf 87' lang='lat' dir='ltr'>corpus</span> <span class='ocrx_word' id='word_1_417' title='bbox 1713 4146 1870 4246; x_wconf 71' lang='lat' dir='ltr'>figuram,</span> <span class='ocrx_word' id='word_1_418' title='bbox 1895 4153 2074 4244; x_wconf 65' lang='lat' dir='ltr'>quodem.</span> 
     </span>
     <span class='ocr_line' id='line_1_40' title="bbox 537 4239 2074 4362; baseline -0.013 -23"><span class='ocrx_word' id='word_1_419' title='bbox 537 4286 602 4362; x_wconf 90' lang='lat' dir='ltr'>que</span> <span class='ocrx_word' id='word_1_420' title='bbox 629 4261 785 4334; x_wconf 86' lang='lat' dir='ltr'>volumen</span> <span class='ocrx_word' id='word_1_421' title='bbox 804 4253 968 4335; x_wconf 90' lang='lat' dir='ltr'>habuerit,</span> <span class='ocrx_word' id='word_1_422' title='bbox 994 4248 1057 4319; x_wconf 84' lang='lat' dir='ltr'>five</span> <span class='ocrx_word' id='word_1_423' title='bbox 1082 4241 1248 4327; x_wconf 89' lang='lat' dir='ltr'>densetur,</span> <span class='ocrx_word' id='word_1_424' title='bbox 1274 4239 1336 4313; x_wconf 88' lang='lat' dir='ltr'>five</span> <span class='ocrx_word' id='word_1_425' title='bbox 1351 4239 1502 4325; x_wconf 88' lang='lat' dir='ltr'>rarescat,</span> <span class='ocrx_word' id='word_1_426' title='bbox 1528 4241 1591 4314; x_wconf 87' lang='lat' dir='ltr'>five</span> <span class='ocrx_word' id='word_1_427' title='bbox 1607 4241 1697 4319; x_wconf 79' lang='lat' dir='ltr'>sinna</span> <span class='ocrx_word' id='word_1_428' title='bbox 1721 4246 1843 4343; x_wconf 83' lang='lat' dir='ltr'>integra</span> <span class='ocrx_word' id='word_1_429' title='bbox 1853 4247 1979 4336; x_wconf 89' lang='lat' dir='ltr'>mole&#39;s,</span> <span class='ocrx_word' id='word_1_430' title='bbox 2005 4257 2074 4334; x_wconf 76' lang='lat' dir='ltr'>five</span> 
     </span>
    </p>
   </div>
   <div class='ocr_carea' id='block_1_6' title="bbox 488 4333 2074 4456">
    <p class='ocr_par' dir='ltr' id='par_1_8' title="bbox 488 4333 2074 4456">
     <span class='ocr_line' id='line_1_41' title="bbox 488 4333 2074 4456; baseline 0.008 -39"><span class='ocrx_word' id='word_1_431' title='bbox 488 4369 493 4380; x_wconf 95' lang='lat'><strong>·</strong></span> <span class='ocrx_word' id='word_1_432' title='bbox 527 4343 571 4439; x_wconf 70' lang='lat' dir='ltr'>&#39;qn</span> <span class='ocrx_word' id='word_1_433' title='bbox 601 4361 748 4436; x_wconf 75' lang='lat' dir='ltr'>minimas</span> <span class='ocrx_word' id='word_1_434' title='bbox 770 4372 878 4448; x_wconf 90' lang='lat' dir='ltr'>partes</span> <span class='ocrx_word' id='word_1_435' title='bbox 911 4365 1076 4424; x_wconf 77' lang='lat' dir='ltr'>attenuata,</span> <span class='ocrx_word' id='word_1_436' title='bbox 1101 4339 1206 4416; x_wconf 84' lang='lat' dir='ltr'>suerit.</span> <span class='ocrx_word' id='word_1_437' title='bbox 1257 4333 1382 4410; x_wconf 86' lang='lat' dir='ltr'>Sed&amp;</span> <span class='ocrx_word' id='word_1_438' title='bbox 1410 4337 1481 4414; x_wconf 87' lang='lat' dir='ltr'>aliis</span> <span class='ocrx_word' id='word_1_439' title='bbox 1502 4337 1532 4412; x_wconf 83' lang='lat' dir='ltr'><em>F</em></span> <span class='ocrx_word' id='word_1_440' title='bbox 1531 4338 1655 4418; x_wconf 88' lang='lat' dir='ltr'>luidum</span> <span class='ocrx_word' id='word_1_441' title='bbox 1673 4361 1842 4419; x_wconf 77' lang='lat' dir='ltr'>externum</span> <span class='ocrx_word' id='word_1_442' title='bbox 1875 4351 2074 4456; x_wconf 79' lang='lat' dir='ltr'>convolsum</span> 
     </span>
    </p>
   </div>
   <div class='ocr_carea' id='block_1_7' title="bbox 526 4449 2182 4646">
    <p class='ocr_par' dir='ltr' id='par_1_9' title="bbox 526 4449 2182 4646">
     <span class='ocr_line' id='line_1_42' title="bbox 526 4449 2182 4646; baseline 0.026 -183"><span class='ocrx_word' id='word_1_443' title='bbox 526 4457 584 4562; x_wconf 68' lang='lat' dir='ltr'>est.</span> <span class='ocrx_word' id='word_1_444' title='bbox 599 4456 796 4556; x_wconf 57' lang='lat' dir='ltr'>,agaunensis</span> <span class='ocrx_word' id='word_1_445' title='bbox 810 4449 900 4547; x_wconf 76' lang='lat' dir='ltr'>(b).</span> <span class='ocrx_word' id='word_1_446' title='bbox 943 4574 945 4582; x_wconf 17' lang='grc' dir='ltr'><strong><em>Α</em></strong></span> <span class='ocrx_word' id='word_1_447' title='bbox 1780 4537 1802 4646; x_wconf 51' lang='lat'><strong>5</strong></span> <span class='ocrx_word' id='word_1_448' title='bbox 1838 4543 2059 4622; x_wconf 49' lang='lat' dir='ltr'>CCCLXV!</span> <span class='ocrx_word' id='word_1_449' title='bbox 2175 4521 2182 4532; x_wconf 20' lang='lat' dir='ltr'>x</span> 
     </span>
    </p>
   </div>
   <div class='ocr_carea' id='block_1_8' title="bbox 427 4627 2067 4838">
    <p class='ocr_par' dir='ltr' id='par_1_10' title="bbox 427 4627 2067 4838">
     <span class='ocr_line' id='line_1_43' title="bbox 427 4627 1726 4753; baseline -0.018 -14"><span class='ocrx_word' id='word_1_450' title='bbox 427 4679 435 4686; x_wconf 84' lang='lat'><strong><em>&#39;</em></strong></span> <span class='ocrx_word' id='word_1_451' title='bbox 574 4627 1284 4753; x_wconf 59' lang='lat' dir='ltr'>(aroouguerngtrederaTmasem&#39;vnl</span> <span class='ocrx_word' id='word_1_452' title='bbox 1561 4705 1623 4715; x_wconf 28' lang='grc' dir='ltr'>ι.</span> <span class='ocrx_word' id='word_1_453' title='bbox 1724 4685 1726 4688; x_wconf 95' lang='grc'>-</span> 
     </span>
     <span class='ocr_line' id='line_1_44' title="bbox 572 4739 2067 4838; baseline -0.008 -20"><span class='ocrx_word' id='word_1_454' title='bbox 572 4750 631 4838; x_wconf 75' lang='lat' dir='ltr'>(i)</span> <span class='ocrx_word' id='word_1_455' title='bbox 651 4747 927 4816; x_wconf 69' lang='lat' dir='ltr'>maurataneae</span> <span class='ocrx_word' id='word_1_456' title='bbox 949 4743 985 4806; x_wconf 86' lang='lat' dir='ltr'>de</span> <span class='ocrx_word' id='word_1_457' title='bbox 1001 4739 1027 4804; x_wconf 87' lang='lat' dir='ltr'>ia</span> <span class='ocrx_word' id='word_1_458' title='bbox 1041 4743 1147 4821; x_wconf 76' lang='lat' dir='ltr'>Figura</span> <span class='ocrx_word' id='word_1_459' title='bbox 1168 4739 1247 4820; x_wconf 80' lang='lat' dir='ltr'>deit</span> <span class='ocrx_word' id='word_1_460' title='bbox 1260 4743 1366 4808; x_wconf 82' lang='lat' dir='ltr'>Terre.</span> <span class='ocrx_word' id='word_1_461' title='bbox 1376 4739 1770 4823; x_wconf 68' lang='lat' dir='ltr'>monetamuoumgena</span> <span class='ocrx_word' id='word_1_462' title='bbox 1786 4743 1860 4810; x_wconf 81' lang='lat' dir='ltr'>Vol.</span> <span class='ocrx_word' id='word_1_463' title='bbox 1875 4761 1903 4809; x_wconf 72' lang='grc' dir='ltr'>ι.</span> <span class='ocrx_word' id='word_1_464' title='bbox 1917 4757 1983 4824; x_wconf 78' lang='lat' dir='ltr'>pag.</span> <span class='ocrx_word' id='word_1_465' title='bbox 1994 4746 2067 4814; x_wconf 78' lang='lat' dir='ltr'>toa·</span> 
     </span>
    </p>
   </div>
   <div class='ocr_carea' id='block_1_9' title="bbox 0 0 2295 6068">
    <p class='ocr_par' dir='ltr' id='par_1_11' title="bbox 0 0 2295 6068">
     <span class='ocr_line' id='line_1_45' title="bbox 0 0 2295 6068; baseline 0 0"><span class='ocrx_word' id='word_1_466' title='bbox 0 0 2295 6068; x_wconf 95' lang='lat' dir='ltr'> </span> 
     </span>
    </p>
   </div>
  </div>
 </body>
</html>
