4282 5962
356 277 477 369 on
560 273 1472 373 enectnrcrvnrn
1607 301 1687 402 sn

168 478 328 575 quamdiu
348 475 477 548 affluere
497 469 681 545 &effluere
709 474 845 567 pergit,
877 474 1041 565 precipue
1074 473 1209 547 durante
1234 493 1401 548 nemore:
1435 501 1503 572 quo
1528 484 1687 577 cessante,

169 578 310 650 liuidum
333 572 520 647 elediricum
546 567 794 641 somniculosum
815 566 870 655 fit,
894 568 975 639 nibil
996 572 1188 662 incorpore
1205 592 1363 663 operans,
1388 576 1486 647 veluti
1507 579 1562 653 el.
1579 583 1685 658 Writ-

168 675 234 746 ssus
330 669 446 743 cillime
467 664 641 759 suspicatus
664 665 737 735 fuit.
786 663 945 756 Cumque
968 684 1125 739 tremores
1148 688 1219 741 non
1241 666 1368 761 semper
1390 671 1424 741 in
1450 673 1563 747 iisdem
1587 685 1686 768 parti.

131 806 140 819 ·
170 772 233 842 bus
257 790 290 840 ru
313 771 324 839 i
346 765 449 837 fricui
469 783 542 835 toto
567 782 715 852 tempore
739 762 876 857 vigentis
902 758 1120 835 cicatricibus
1144 763 1232 849 sint,
1257 765 1313 839 sed
1336 787 1426 839 nunc
1449 768 1484 838 in
1509 769 1581 857 his,
1605 796 1685 847 mox

169 869 206 938 in
227 866 339 938 vicinis
363 862 476 945 locis,
503 881 572 931 non
601 860 662 928 erit
694 860 728 927 in
750 858 870 929 eodem
892 857 969 929 loco
992 859 1141 933 constans
1165 861 1306 935 influxus
1328 882 1384 935 aut
1406 861 1574 954 effluxus3
1607 869 1684 943 ideo

170 962 257 1033 leves
278 958 476 1052 pulvisculi,
500 977 555 1029 aut
574 953 718 1049 fuliginis
742 950 893 1039 frustula,
922 975 1011 1027 nunc
1032 957 1074 1028 ab
1098 956 1159 1029 hac
1181 978 1272 1049 parte
1296 961 1367 1032 tubi
1391 963 1579 1051 rapiuntur,
1604 985 1684 1041 mox

165 1059 362 1154 abigendis,
386 1054 470 1125 adeo
484 1072 521 1125 ut
536 1068 646 1142 raptvs
662 1046 699 1121 dr
713 1048 857 1141 repulsus
872 1049 909 1123 fit
922 1050 1100 1125 admodum
1121 1055 1277 1128 turbauit.
1325 1054 1487 1225 (guamvis
1498 1061 1595 1155 igitur
1607 1084 1682 1137 cor·

164 1174 247 1247 pora
267 1148 498 1225 ldioelaiirica
524 1146 635 1221 stioaaa
660 1148 831 1243 cingmtur
859 1147 901 1218 ab
923 1145 1152 1241 Atmosphaera
1174 1151 1315 1242 quadam
1364 1155 1458 1240 uida,
1483 1157 1560 1227 inde
1585 1159 1679 1232 nullo

162 1251 270 1323 modo
294 1250 461 1341 sequitur,
484 1266 526 1317 ea
545 1266 615 1317 non
633 1241 743 1315 fricata
761 1244 804 1315 ab
822 1243 1051 1337 Annosphaert
1068 1245 1311 1335 ermonem,
1335 1249 1427 1323 nullo
1451 1251 1587 1348 vestigio
1612 1256 1682 1349 ejvs

165 1349 202 1420 in
228 1339 522 1439 quiescentibus&
544 1363 614 1414 non
634 1338 756 1411 fricatis
778 1341 975 1433 corporibus
995 1343 1151 1417 exstante.

214 1439 517 1533 sympenelenanca
534 1438 727 1533 plerumque
749 1438 916 1531 extemplo
934 1436 1159 1513 Eleiiricitate
1183 1444 1375 1532 privantura
1400 1444 1491 1531 alia,
1516 1469 1590 1539 qua
1614 1472 1683 1525 rna·

164 1561 266 1636 gnam
287 1539 489 1634 collegerunt
509 1538 670 1630 copiam,
698 1533 820 1607 diritius
846 1537 1011 1623 retinent,
1035 1557 1074 1607 en
1102 1557 1210 1610 tamen
1235 1542 1414 1613 orbantur:
1465 1542 1501 1613 Si
1525 1545 1559 1617 in
1583 1550 1683 1620 vitrea

166 1636 273 1747 phiala
296 1658 372 1707 cum
395 1654 478 1726 aqua
503 1632 640 1703 mulnrm
661 1628 884 1748 clastricitaris
905 1632 944 1704 lit
963 1632 1130 1735 infusum,
1162 1630 1199 1705 dr
1224 1637 1307 1707 tubo
1329 1636 1466 1724 ferreo,
1491 1642 1550 1730 qui
1573 1645 1608 1713 in
1634 1642 1680 1714 se·

159 1726 892 1933 sinlmfiili‘ilssliililir
915 1728 1684 1923 {liliindissuasibilis:

161 1946 241 1998 num
263 1944 475 2021 tangentem,
506 1923 628 2011 poterit
649 1924 766 1995 iterum
787 1922 923 1997 scituill'a
942 1927 1106 2015 crepitans
1127 1925 1261 1997 excitari
1282 1924 1339 1996 filo
1364 1925 1480 2017 phialae
1505 1933 1683 2020 appropin-

158 2043 283 2115 quante
301 2018 343 2088 td
367 2018 502 2101 tubumr
525 2016 620 2107 quod
641 2018 814 2110 aliquoties
839 2021 942 2110 repeti
963 2021 1090 2110 potest,
1114 2041 1288 2114 antequam
1311 2023 1420 2095 omnis
1445 2045 1486 2093 ex
1509 2023 1617 2115 phiala
1643 2022 1681 2098 δι

162 2137 246 2206 aqua
273 2113 413 2184 evolavit
442 2111 664 2197 electrinas,
694 2116 799 2186 avoht
829 2135 937 2185 mmen
969 2116 1100 2188 tandem
1124 2121 1254 2189 omnisa
1283 2118 1519 2213 aliquantulum
1551 2120 1679 2196 diverso

163 2210 266 2283 modo
287 2208 422 2280 instituit
445 2207 510 2279 hoc
532 2212 790 2303 experimentum
814 2210 965 2281 Watlu'ns
993 2210 1015 2303 (
1052 2212 1086 2304 ).

210 2316 244 2406 §.
268 2314 499 2388 DCCCLIII.
522 2316 622 2409 Viget
639 2319 829 2389 eleetncitaa
854 2316 1082 2390 &diutissime
1115 2325 1151 2392 in
1175 2322 1331 2397 eleiiricis
1354 2329 1473 2417 perstat
1496 2334 1571 2403 aire
1596 2333 1680 2406 sere·

162 2435 239 2497 no,
270 2409 464 2497 ficcrffimo,
497 2432 691 2501 quacunque
715 2416 790 2482 anni
818 2414 1016 2505 tempestate.
1069 2414 1242 2509 Quoniam
1268 2422 1401 2510 quando
1424 2430 1540 2497 acriter
1564 2429 1682 2515 hyeme

158 2510 275 2606 gelat,
300 2514 356 2581 ait
379 2507 570 2598 plerumque
597 2507 644 2577 est
665 2505 872 2588 sactissimus,
896 2507 932 2575 δι
952 2512 971 2577 a
994 2510 1053 2577 soii
1076 2512 1228 2579 bahnbua
1251 2521 1399 2597 omnium
1424 2524 1559 2585 minime
1582 2522 1684 2592 insec-

160 2628 242 2692 tus,
271 2604 462 2676 eleiiricitas
493 2601 629 2671 durante
657 2599 735 2692 gelu
765 2596 802 2669 dr
829 2600 915 2671 oelo
946 2599 1060 2671 sereno
1084 2600 1260 2675 felicissime
1283 2604 1484 2698 ‘plemmque
1509 2602 1682 2685 excitatura

162 2721 231 2773 tum
261 2721 302 2772 err
322 2697 422 2770 dorso
451 2696 522 2769 felis
543 2694 672 2767 advmsa
693 2714 791 2773 uranu
814 2690 909 2767 frisio
933 2693 1076 2767 scintillae
1101 2698 1285 2770 eliciuntur.
1334 2701 1400 2772 Sed
1424 2704 1446 2773 fi
1472 2705 1588 2775 caelum
1613 2731 1684 2783 non

162 2798 199 2868 stt
215 2796 389 2881 serenum,
413 2793 559 2886 quamvis
579 2790 691 2885 gelet,
725 2788 883 2871 difficilius
908 2793 1096 2878 excitatur,
1132 2792 1191 2862 nist
1214 2794 1270 2865 aer
1294 2790 1329 2865 δι
1354 2795 1614 2875 ldioileiiricum
1638 2808 1681 2877 ab

159 2898 236 2989 igne
256 2891 404 2974 calefiat,
430 2884 466 2959 dc
490 2908 559 2959 tum
580 2905 688 2957 umen
711 2884 844 2957 nonest
865 2884 1046 2958 admodum
1068 2887 1249 2985 generosa:
1274 2886 1404 2983 AEstate
1429 2898 1536 2969 minus
1561 2900 1607 2970 est
1631 2905 1680 2975 in·

159 2987 271 3074 tensa,
291 3005 447 3081 regnante
472 2982 569 3068 estu,
593 2982 753 3073 plurimos
772 3002 815 3067 erc
838 2980 908 3053 solo
925 2982 1086 3069 anhelitus
1109 2980 1146 3056 oc
1168 3006 1306 3075 vapores
1329 2989 1500 3085 eliciente,
1525 2995 1548 3065 il
1574 3016 1682 3073 nmen

158 3089 216 3161 air
241 3083 451 3159 serenissimus
483 3077 519 3152 δι
549 3078 728 3163 iicciilimus
761 3076 888 3164 fuerit,
917 3079 1108 3167 elediricitas
1136 3101 1206 3152 non
1231 3083 1278 3153 cll
1302 3088 1409 3159 minus
1433 3091 1555 3163 intensa
1579 3115 1680 3184 quam

83 3240 87 3245 .
160 3184 304 3271 hyeme:
336 3178 391 3250 sed
415 3178 500 3271 saepe
520 3175 751 3260 intenfillima‚
780 3174 912 3265 vidique
941 3179 1057 3247 tubum
1086 3180 1223 3250 vitreum
1247 3181 1291 3252 ad
1314 3181 1492 3257 distantiam
1522 3209 1577 3257 ra.
1601 3192 1679 3281 ped.

159 3275 322 3371 plumulae
333 3272 480 3366 rapuisse.
507 3270 584 3344 Nec
598 3288 666 3343 tum
681 3270 737 3343 lux
750 3270 1127 3357 diuma‚necnoiiomae
1135 3276 1277 3349 tenebre
1286 3277 1442 3353 ciconas
1451 3284 1681 3373 experimentis

160 3372 283 3464 aliquid
308 3370 496 3441 discriminis
517 3366 680 3452 afferunt,
705 3369 752 3438 uti
771 3367 848 3437 alias
872 3367 985 3443 solent.
1034 3368 1166 3443 Contra
1189 3370 1323 3469 languet
1346 3374 1553 3465 Turmulos,
1578 3379 1683 3471 Virri,

160 3471 280 3555 Cere,
303 3466 506 3539 Eleiiricitas
528 3463 612 3535 caelo
635 3463 799 3547 humido,
824 3464 1003 3549 nebuloso,
1026 3465 1172 3562 frigido,
1197 3466 1233 3538 ἃ
1256 3474 1289 3541 in
1314 3471 1392 3542 loco
1416 3474 1558 3546 anhelitu
1584 3477 1687 3567 pluri·

161 3589 291 3640 morum
315 3563 530 3653 speiiatorum
550 3561 738 3648 inquinato:
764 3559 839 3649 quia
861 3556 1043 3649 superficies
1067 3562 1242 3655 globorum
1268 3562 1304 3637 da
1329 3569 1482 3641 tuborum
1507 3572 1680 3663 persritio·
1822 3648 1839 3659 ,

159 3685 234 3735 rum
250 3659 393 3731 anhelitu
421 3655 557 3727 humido
580 3654 805 3725 obducunmr:
829 3652 1040 3725 nihilominus
1063 3656 1180 3745 hyeme
1205 3662 1294 3731 Anni
1325 3665 1440 3754 1756,
1465 3670 1596 3758 quando
1621 3695 1679 3743 ne·

160 3759 237 3830 bula
260 3776 328 3827 emt
347 3751 543 3837 denfiffima,
565 3750 804 3823 electricitaten
822 3752 856 3821 in
873 3749 978 3846 globo
998 3753 1102 3823 vitreo
1126 3756 1267 3827 excitam
1291 3762 1405 3849 potui,
1429 3763 1600 3855 postquam
1626 3787 1677 3836 [ο.

160 3876 229 3930 tum
250 3870 439 3943 apparatum
460 3847 650 3920 secaveram
674 3842 710 3917 δι
728 3844 937 3919 calefeceram
955 3870 965 3917 c
999 3848 1115 3921 iterum
1132 3851 1314 3947 A⁰.1759,
1339 3855 1447 3927 mense
1473 3859 1676 3948 Decembri,
1776 3840 1784 3851 ’
1819 3920 1823 3927 .

161 3968 313 4045 regnante
343 3944 461 4018 nebuh
483 3940 519 4017 dc
542 3944 679 4015 cadente
694 3944 794 4028 nive,
825 3942 914 4017 nulla
931 3962 1000 4029 arte
1022 3945 1074 4017 vel
1099 3944 1257 4020 anulum
1281 3949 1495 4028 elec⁶tricitatis
1520 3954 1675 4053 colligere

160 4047 266 4143 potui.
314 4041 394 4115 ldco
411 4044 444 4112 in
466 4038 631 4113 nonnullis
653 4040 842 4137 regionibus
864 4038 1002 4113 multum
1025 4044 1148 4134 pendet
1171 4042 1360 4119 eleiiricitas
1384 4048 1543 4143 aventis,
1566 4055 1675 4128 aerem
1816 4130 1820 4137 ,
1961 4088 1966 4097 ·

161 4147 304 4229 siccum,
325 4139 571 4221 humentemve‚
596 4136 808 4225 nebulosum,
831 4135 984 4232 fiigidum
1004 4160 1060 4211 aut
1084 4140 1223 4213 calidum
1247 4144 1490 4222 advehentibus.

211 4262 244 4364 §·
266 4234 494 4333 D'cccuv.
519 4254 559 4329 ln
581 4257 709 4328 civitate
734 4253 920 4331 Hollandiae
943 4262 1032 4357 viget
1054 4260 1192 4362 sphante
1216 4264 1420 4357 subsolano,
1443 4266 1571 4365 Euro,
1594 4270 1675 4364 Sep·

1318 4432 1323 4445 .
1593 4388 1675 4442 tem·

193 4553 254 4641 (a)
274 4552 419 4633 Experiar.
434 4563 483 4625 ap.
503 4562 570 4630 pte.
583 4550 633 4629 48.
654 4556 725 4612 tun.
745 4548 775 4625 1.
795 4553 865 4626 aar.
1036 4624 1073 4705 L
1093 4630 1108 4726 J
