4282 5962
524 170 1611 288 EJUSQUEATTRIBUTIS.
1770 219 1815 275 η

1770 254 1790 296 0

284 379 344 448 bus
359 377 501 469 triplicis.
509 376 635 473 generis
650 370 839 444 animalcula
852 368 1157 442 Leeuwenhoekius
1172 372 1369 444 obsemavit:
1403 378 1560 449 diameter
1574 386 1697 452 minimi
1713 406 1817 479 gene-

281 476 324 546 tis
341 497 483 566 ponatur
497 476 624 555 unitas,
648 473 709 541 etit
733 471 889 541 diameter
904 468 1036 540 secundi
1057 473 1185 567 generis
1208 490 1272 552 10,
1299 469 1506 544 &diameter
1520 481 1651 547 maximi
1672 503 1730 571 50.
1749 483 1817 555 dia·

281 593 388 644 meter
402 596 480 648 veto
493 573 585 670 grani
599 567 698 641 sabuli
714 566 842 659 majoris
857 589 967 637 tooo:
983 567 1133 661 adeoque
1151 570 1211 640 etit
1224 572 1416 666 magnitudo
1433 572 1618 645 animalculi
1635 579 1757 648 minimi
1773 579 1814 653 ad

281 692 355 743 eam
367 668 603 755 arenae,veluti
618 669 723 739 cubus
738 665 883 737 diametri
914 688 926 735 t
945 664 987 735 ad
1000 667 1121 737 cubum
1144 688 1248 738 tooo.
1262 668 1323 738 five
1341 671 1387 740 uti
1408 669 1500 755 1,ad
1522 678 1626 742 looo.
1636 693 1719 740 000.
1730 697 1814 747 ooo.

283 768 338 840 sed
361 766 518 863 ejusmodi
542 764 771 838 animalculum
793 763 838 834 est
853 785 973 851 corpus
987 766 1207 861 organicum,
1240 765 1428 839 insttuslum
1450 766 1633 852 musculis,
1664 772 1815 859 arteriis,

281 868 387 951 venis,
411 864 662 956 assumemus,
688 885 747 951 per
763 885 837 950 qua
853 858 956 929 sluunt
969 861 1139 934 humores:
1164 863 1304 952 proinde
1320 864 1438 936 horum
1453 885 1581 959 partes,
1606 884 1679 937 toto
1695 888 1816 959 corpo·

275 984 312 1035 re
335 965 492 1059 organico
519 959 628 1033 adhuc
650 958 755 1028 multo
771 960 913 1027 minores
932 977 1038 1028 erunt.
1495 970 1499 981 ·

325 1058 467 1132 Plurima
488 1058 550 1131 alia
563 1053 786 1149 jucundiffima
804 1075 1012 1149 argumenta,
1039 1056 1158 1148 quibus
1173 1077 1351 1149 corpomm
1371 1063 1509 1152 parvitas
1534 1061 1666 1153 probari
1687 1060 1815 1155 potest,

275 1178 429 1250 petuntur
447 1177 602 1248 avapore
619 1158 752 1245 Aqua,
785 1172 825 1222 ex
848 1148 1012 1243 AEolipila
1034 1155 1064 1223 vi
1092 1156 1176 1250 ignis
1199 1154 1364 1245 expulsae:
1404 1179 1447 1227 ex
1467 1157 1670 1229 incensomm
1693 1181 1814 1251 corpo·

273 1276 346 1325 rum
362 1255 477 1327 sumo:
513 1274 554 1324 ex
578 1271 753 1343 corporum
776 1248 1033 1344 gratteolentium
1055 1248 1091 1321 ἂ
1105 1255 1159 1321 vix
1183 1254 1314 1342 pondus
1335 1254 1541 1347 perdentium
1563 1258 1745 1342 odoribus:
1770 1279 1812 1328 ex

276 1349 355 1423 oleo
382 1352 512 1424 &sebo
538 1348 692 1422 incenso:
718 1347 794 1421 baec
805 1345 932 1437 prolixe
948 1347 1128 1440 exposuere
1145 1347 1272 1421 Keilius
1299 1349 1364 1446 (a)
1382 1347 1418 1423 &
1437 1351 1703 1444 Nieuwentytius
1734 1353 1810 1450 (b).
1837 1386 1840 1391 ·

325 1471 359 1560 ς.
386 1466 545 1539 LXXlll.
570 1463 715 1561 Quando
734 1484 875 1554 corpora
894 1461 1016 1555 majora
1037 1462 1224 1538 dividuntur
1237 1467 1272 1537 in
1286 1488 1416 1557 partes,
1437 1488 1597 1563 augentur
1609 1466 1814 1559 superficies,

276 1567 432 1659 quelibet
453 1569 541 1638 euim
564 1587 638 1656 pars
663 1562 726 1634 suis
753 1564 941 1645 terminatur
961 1561 1229 1652 superficiebus,
1259 1587 1332 1656 quae
1356 1563 1429 1656 post
1452 1563 1643 1635 divisionem
1672 1565 1742 1636 sunt
1764 1567 1815 1656 di,
1865 1652 1867 1656 Α

220 1720 224 1726 -
272 1664 394 1737 stinsiae
417 1666 460 1734 ab
481 1665 519 1733 iis
539 1660 788 1752 supetliciebus,
815 1659 934 1750 quibus
956 1680 1062 1750 partes
1083 1681 1190 1750 partes
1214 1664 1406 1760 tangebant:
1433 1662 1470 1732 stt
1486 1664 1573 1732 enirn
1591 1662 1695 1734 cubus
1716 1666 1816 1736 unius·

270 1764 386 1856 pedis,
411 1760 594 1853 superficies
615 1760 796 1830 ambientes
817 1755 890 1827 sunt
911 1757 964 1826 sex
993 1757 1115 1847 pedum
1141 1758 1396 1848 quadratorum,
1430 1757 1531 1833 fihie
1559 1758 1662 1829 cubus
1694 1761 1813 1851 triplici

272 1857 405 1931 seetioni
426 1880 485 1950 pet
507 1856 651 1929 medium
668 1857 702 1927 in
735 1856 814 1926 ocio
831 1855 937 1927 cubos
963 1853 1142 1940 dividatur,
1166 1855 1351 1948 superfit-ies
1370 1855 1461 1948 cuius
1478 1857 1559 1927 libet
1574 1847 1694 1959 erit-{-
1715 1858 1808 1947 pedis

272 1957 437 2049 quadrati,
462 1952 647 2046 &proinde
665 1955 743 2025 oeto
761 1954 922 2026 cuborum
934 1951 1119 2043 superficies
1131 1972 1226 2024 emm
1259 1950 1374 2056 23:
1402 1977 1444 2024 12
1470 1954 1610 2046 pedibus
1626 1955 1815 2045 quadratis,-

268 2054 333 2125 five
359 2074 453 2125 emm
483 2053 665 2144 superficies
690 2073 777 2123 nunc
803 2050 908 2141 duplo
930 2049 1068 2142 majotes
1095 2072 1194 2141 quam
1214 2072 1318 2140 ante,
1351 2049 1449 2125 matra
1476 2051 1637 2145 corpores
1657 2073 1810 2126 manente

265 2151 411 2238 adem,
436 2173 556 2241 nempe
577 2151 671 2241 pedis
695 2149 828 2220 Cubici.

312 2248 429 2319 Pofitis
452 2251 551 2340 igitur
585 2247 781 2333 corporibus
810 2239 1024 2315 similibus&
1057 2245 1301 2334 inaequalibus,
1349 2247 1531 2337 superficies
1562 2250 1711 2336 corporis
1744 2250 1807 2319 nri·

269 2344 359 2413 noris
381 2341 424 2408 ad
449 2340 641 2441 soliditatem
670 2340 715 2404 est
742 2342 775 2403 in
804 2338 917 2422 majori
948 2341 1099 2417 ratione,
1153 2363 1251 2424 quam
1281 2340 1464 2425 superficies
1497 2347 1646 2429 corporis
1676 2343 1807 2432 majoris

269 2437 312 2509 ad
329 2434 556 2506 soliditatem:
597 2451 670 2501 nam
702 2432 735 2499 itt
763 2431 864 2518 priori
885 2429 1039 2518 exemplo
1063 2429 1269 2514 Cubotum,
1295 2429 1479 2520 superficies
1502 2436 1577 2502 cubi
1606 2438 1740 2503 minoris
1762 2438 1812 2509 est

266 2532 307 2603 ad
326 2531 519 2601 soliditatem
535 2528 582 2595 uti
607 2523 706 2595 taad
727 2543 766 2605 t,
792 2513 977 2614 quia-{ad
1002 2516 1088 2615 ξιτ
1120 2544 1163 2592 12
1186 2523 1228 2591 ad
1258 2545 1293 2624 t..
1319 2546 1396 2594 cum
1415 2528 1450 2595 in
1473 2527 1562 2596 cubo
1577 2526 1690 2617 majori
1707 2529 1744 2600 srt
1761 2534 1808 2606 uti

266 2625 357 2699 aad
388 2647 418 2695 r.
852 2629 858 2639 '

310 2733 343 2832 s.
368 2733 530 2808 LXXIV.
558 2732 639 2804 Ideo
664 2731 849 2825 superficies
874 2753 1053 2823 corporum
1074 2730 1225 2803 fimilium
1249 2731 1383 2807 diversae
1403 2735 1635 2831 magnitudinis
1661 2735 1733 2811 sunt
1754 2763 1806 2813 re·

263 2833 372 2926 spella
394 2835 587 2906 soliditatum
607 2834 691 2901 inter
716 2828 748 2899 se
764 2834 798 2900 in
822 2830 948 2899 ratione
977 2831 1148 2918 reciproca
1176 2829 1313 2901 laterum
1337 2831 1595 2928 homologorum
1621 2856 1635 2901 ε.
1670 2858 1745 2906 nam
1768 2840 1806 2912 ia

287 2933 363 3002 riori
384 2930 540 3019 exemplo
563 2929 745 3009 cuborum,
772 2924 957 3011 superficies
982 2926 1060 2997 cubi
1078 2924 1209 3018 majoris
1228 2927 1332 2999 estad
1350 2929 1565 3015 soliditatem,
1591 2931 1638 3001 uti
1658 2931 1681 3001 6
1703 2933 1745 3004 ad
1768 2957 1800 3025 t,

262 2953 300 3097 gt
322 3027 505 3117 superficies
526 3021 604 3092 cubi
629 3022 765 3092 minoris
780 3018 823 3090 ad
843 3018 1053 3107 soliditatem,
1080 3025 1128 3095 uti
1148 3047 1190 3095 ta
1206 3023 1248 3095 ad
1273 3047 1302 3095 t.
1328 3024 1412 3098 latus
1438 3049 1546 3098 autem
1569 3028 1646 3097 cubi
1670 3028 1803 3121 majoris

264 3121 313 3195 est
338 3124 380 3194 ad
393 3121 472 3194 illud
488 3120 563 3190 cubi
578 3116 711 3190 minoris
739 3120 785 3189 uti
808 3116 884 3189 aad
909 3141 938 3188 1.
963 3117 1114 3211 adeoque
1138 3121 1185 3191 est
1209 3119 1393 3211 superficies
1408 3126 1485 3196 cubi
1505 3122 1635 3215 majoris
1654 3124 1820 3216 tespessu.

262 3218 447 3303 soliditatis,
472 3218 514 3289 ad
532 3216 733 3307 lupetficiem
756 3216 833 3287 cubi
849 3218 984 3287 minoris
1000 3217 1146 3308 respetiu
1172 3215 1352 3304 soliditatis,
1379 3223 1426 3293 uti
1445 3221 1528 3292 latus
1547 3220 1623 3293 cubi
1645 3225 1806 3314 minoris,

262 3317 302 3388 ad
326 3318 407 3391 latus
424 3317 499 3388 cubi
522 3314 678 3406 majoris,
698 3336 774 3385 nam
791 3313 1008 3385 universaliter
1028 3315 1065 3385 fit
1086 3316 1169 3387 latus
1184 3317 1279 3385 unius
1299 3322 1446 3410 corporis
1469 3340 1512 3392 z
1533 3345 1566 3392 a·
1586 3320 1646 3388 erit
1667 3319 1735 3410 ejus
1751 3322 1801 3395 su·

263 3415 411 3507 perficies
432 3437 477 3488 :
497 3435 574 3491 aa,
601 3406 794 3480 &soliditas
810 3432 853 3481 ε
867 3424 917 3482 ai.
938 3412 974 3481 fit
995 3412 1078 3483 latus
1092 3413 1220 3483 alterius
1245 3419 1394 3506 corporis
1410 3438 1454 3489 .·:
1475 3420 1507 3488 b.
1530 3418 1598 3510 ejus
1616 3415 1807 3506 superficies

260 3517 380 3598 zib,
406 3513 442 3580 bt
468 3510 608 3577 soliditas
630 3523 674 3576 ε
698 3505 754 3574 ἶν’.
776 3504 841 3595 jam
868 3506 1049 3595 superficies
1075 3513 1193 3600 prioris
1220 3515 1369 3602 corporis
1401 3513 1514 3585 estad
1544 3513 1734 3586 soliditatem
1751 3523 1803 3592 uti

260 3629 317 3721 αἶ’
345 3670 381 3744 &
398 3665 582 3761 superficies
595 3652 726 3735 alterius
747 3666 898 3755 corporis
918 3663 966 3735 est
981 3665 1023 3737 ad
1039 3666 1232 3739 soliditatem
1249 3673 1296 3738 uti
1326 3612 1386 3728 [θ’
1413 3669 1467 3742 sed
1492 3640 1551 3733 ‘sf-
1596 3611 1646 3729 ἐξ
1676 3635 1800 3747 ::.¹.,

260 3748 304 3805 α’
1328 3734 1372 3801 b³
1498 3733 1643 3809 al'b2
1745 3764 1768 3812 a

261 3850 324 3947 ἔτι
339 3885 369 3953 b.
390 3904 423 3953 a.

260 3947 281 4019 b
307 4047 339 4148 i·
366 4039 509 4114 LXXV.
534 4033 679 4133 Quodn
702 4038 797 4131 igitur
820 4056 942 4128 corpus
966 4035 1103 4130 nrquoa
1126 4058 1281 4137 maginni
1301 4037 1462 4113 tinuatur
1482 4043 1514 4112 ³⁰
1532 4060 1640 4133 pm
1664 4041 1799 4133 fim¹¹‘⁸'

261 4171 330 4225 tum
346 4141 437 4214 radix
462 4138 576 4209 cubica
592 4135 717 4205 numeri
737 4136 899 4224 partium,
924 4138 956 4205 in
977 4157 1057 4226 quas
1080 4137 1233 4210 dividitur
1246 4159 1386 4231 corpus,
1416 4141 1567 4231 exprimit
1583 4163 1799 4239 augmentum·

261 4239 456 4342 snpetsieiei:
484 4232 573 4306 Cum
597 4233 684 4303 enim
707 4231 810 4303 cubus
828 4251 898 4304 etat
924 4235 1020 4308 unius
1038 4235 1153 4330 pedis,
1178 4235 1363 4332 superficies
1377 4258 1445 4314 etat
1467 4259 1512 4316 .·.·.
1537 4239 1572 4312 6.
1598 4236 1726 4314 &eum
1740 4241 1799 4313 hie

1734 4356 1797 4423 alh

299 4536 362 4616 (ι)
379 4528 559 4594 introduello
581 4525 617 4584 ad
640 4541 735 4586 vetem
759 4526 902 4603 physicam
917 4529 996 4598 Lea
1011 4545 1048 4598 a,

301 4614 361 4697 (ὁ)
381 4607 626 4677 eotmtueorm.
644 4605 749 4686 capite
763 4621 851 4674 uas·
