4282 5962
389 284 484 375 nu
530 277 939 369 conponunt
982 280 1626 377 nruuacrromtssus
1713 297 1792 397 367

263 484 402 559 omnino
426 478 581 569 relinquit
602 498 722 571 corpus
745 500 842 553 antea
860 478 1052 567 irnmilltun,
1075 464 1153 571 quii
1169 476 1286 551 fortius
1310 500 1331 549 a
1352 500 1492 571 corpore
1516 484 1670 574 tmlriutr,
1694 504 1793 577 quant

261 602 371 679 partes
395 576 493 650 fluidi
519 574 588 647 suas
605 596 713 668 partes
739 578 918 655 trabebant.

311 712 345 813 q.
377 704 502 783 MXL.
541 704 716 798 Quantum
744 704 842 795 Aqua
873 702 1009 775 aurahat
1039 700 1193 799 lignum,
1230 726 1250 773 a
1285 704 1378 778 Nob.
1408 702 1557 796 Tayloro
1591 710 1797 801 suppuratum

261 812 325 886 fuit
350 810 457 903 (a):
488 804 661 898 postquam
686 802 775 872 enim
801 801 935 895 aliquod
959 802 1083 899 lignum
1107 800 1285 873 abietinum
1316 804 1422 895 probe
1445 802 1617 877 imbiberat
1641 809 1798 899 Aquam,

264 931 307 983 cx
330 908 457 981 bilance
480 900 694 995 suspensum,
728 896 763 969 dt
788 900 830 971 ad
855 900 1069 991 aequilibrium
1098 898 1267 971 mucium
1290 899 1377 985 suit3
1410 904 1643 976 immittebatur
1668 904 1799 997 Aquae,

266 1028 363 1101 quam
392 1000 562 1096 superficie
592 997 722 1091 pollicis
746 996 891 1091 quadrati
917 998 1117 1093 attingebam
1141 997 1176 1067 id
1198 998 1304 1069 attolli
1332 1021 1401 1071 non
1423 1003 1550 1091 potuit,
1571 1002 1629 1073 nili
1654 1002 1803 1091 pondere
1857 1062 1862 1069 .

269 1128 328 1202 5⁰·
361 1120 537 1203 granorum
569 1096 661 1169 alteri
696 1095 781 1167 lanei
813 1094 959 1189 injecto:
989 1094 1057 1165 hoc
1097 1114 1177 1167 vero
1211 1096 1342 1185 pondus
1371 1098 1418 1168 est
1450 1101 1575 1190 aequale
1603 1101 1724 1171 viribus
1755 1103 1814 1171 A·-

269 1226 343 1297 quae
368 1196 613 1271 attmhentibus.
648 1192 758 1265 naua
787 1192 868 1289 ligni
890 1190 1081 1285 superficie,
1104 1212 1180 1285 quae
1202 1194 1338 1285 Aquam
1360 1198 1507 1291 attingit,
1531 1198 1718 1293 augendum
1742 1195 1806 1268 fuit

269 1299 434 1396 pondus,
473 1293 567 1387 quod
604 1289 639 1365 id
671 1310 714 1363 ex
748 1290 851 1382 Aqua
883 1287 1078 1377 attolleret,
1119 1292 1154 1363 in
1186 1294 1404 1385 proportione
1432 1296 1666 1389 magnitudinis
1697 1294 1805 1387 super·

272 1398 371 1473 fi'ciei.
1137 1416 1141 1423 ·

317 1492 422 1566 Forte
450 1490 524 1583 quis
545 1484 779 1580 suspicaretur,
811 1484 880 1559 boc
901 1484 1147 1580 pbaenomcnon
1170 1512 1190 1559 a
1216 1486 1323 1579 preii'u
1354 1490 1574 1561 incumbentis
1597 1485 1808 1579 Atmospbae·

271 1616 339 1676 ra,
363 1612 433 1663 non
455 1589 498 1661 ab
513 1588 709 1663 ¹attraAione
731 1586 842 1679 Aquae
862 1584 1031 1681 pendere:
1057 1582 1092 1656 δι
1117 1586 1297 1657 nonnullos
1319 1584 1400 1681 ligni
1420 1608 1522 1677 poros
1547 1585 1611 1655 elle
1627 1588 1730 1677 Aqua·
1746 1606 1809 1676 op·

272 1692 410 1785 pleros,
434 1684 517 1758 alios
537 1702 698 1777 apertos,
723 1682 746 1753 li
768 1685 856 1754 enirn
878 1702 996 1755 omnes
1018 1681 1127 1757 forent
1148 1684 1259 1774 Aqua
1281 1682 1394 1775 pleni,
1420 1679 1456 1753 lit
1478 1686 1586 1755 omnis
1607 1686 1663 1754 air
1682 1702 1810 1753 arcere·

273 1810 353 1871 tur,
386 1804 456 1855 tum
480 1780 603 1874 prcilus
628 1780 849 1853 incumbentia
869 1777 1090 1871 rmosphaera
1110 1780 1196 1853 soret
1216 1780 1350 1873 aqualis
1385 1801 1540 1873 111520.
1571 1781 1705 1877 ganniat
1740 1776 1809 1849 Sed

272 1885 350 1958 loco
380 1878 479 1977 Ligni
498 1880 646 1971 capiatur
669 1876 839 1967 speculum
858 1879 996 1949 vitreum
1016 1877 1150 1971 planum
1176 1879 1273 1951 unius
1296 1874 1427 1969 pollicis
1452 1878 1621 1969 quadrati,
1644 1878 1746 1967 idque
1758 1878 1811 1946 in·
1953 1868 1960 1877 ’

268 1978 381 2053 seriori
407 1974 574 2069 superficie
597 1972 756 2045 dunmxat
776 1974 907 2067 Aquam
933 1976 1100 2071 attingat,
1132 1996 1217 2067 opus
1247 1976 1309 2045 crit
1338 1974 1487 2067 pondere
1519 1994 1578 2069 50.
1611 1966 1821 2071 granorum,

268 2098 307 2149 ut
328 2096 371 2147 ex
392 2074 488 2166 Aqua
513 2070 669 2159 tollatur,
692 2069 846 2165 adeoque
864 2070 912 2143 eil
936 2070 1023 2143 idem
1046 2074 1198 2167 pondus,
1220 2094 1260 2145 ac
1281 2094 1352 2164 quo
1373 2070 1499 2169 lignum
1523 2070 1654 2164 pollicis
1672 2072 1811 2164 quadra·

271 2177 297 2247 ti
329 2194 372 2243 ex
400 2170 503 2261 Aqua
526 2164 684 2239 sublatum
707 2166 807 2255 iuitt'
828 2188 1036 2260 nequaquam
1064 2192 1175 2243 aurem
1196 2170 1267 2241 Aer
1293 2167 1378 2242 Virri
1398 2190 1501 2260 poros
1526 2190 1700 2261 permeat,
1732 2167 1812 2237 ideo
1877 2190 1880 2195 ·
1928 2153 1936 2189 ⁸

271 2268 414 2347 aureus
435 2264 577 2359 aequaler
602 2264 659 2337 bic
681 2262 808 2340 auom
829 2268 966 2363 exigunt
985 2266 1167 2358 aequalem,
1190 2262 1227 2335 dt
1250 2268 1298 2335 utl
1317 2268 1440 2356 opinor
1461 2266 1608 2337 fimilem.

320 2396 354 2497 ς.
380 2392 515 2467 ,MXLI
546 2390 598 2465 Sit
620 2392 737 2465 vitrum
772 2390 963 2463 inclinatum
991 2390 1035 2461 ad
1064 2390 1196 2477 solum,
1227 2392 1320 2481 cujus
1343 2392 1524 2483 superficiei
1550 2394 1693 2469 inferiori
1726 2396 1809 2471 AB
1842 2434 1919 2495 m,

318 2516 363 2568 tta
385 2492 424 2567 G
447 2491 546 2565 fluidi
569 2486 667 2580 aquei
690 2488 729 2559 fit
752 2486 921 2579 impolita:
946 2484 1018 2559 hac
1041 2485 1217 2559 descendet
1236 2484 1485 2561 adhaerescendo
1506 2490 1684 2580 superficiei
1711 2496 1927 2580 AB‚xxv1.

271 2516 384 2667 {graec
414 2590 456 2661 ad
486 2578 635 2659 infimum
667 2588 849 2681 marginem
868 2582 897 2651 B
923 2582 1132 2673 pervenerit:
1164 2580 1254 2657 Nam
1275 2602 1366 2681 gutta
1385 2588 1539 2678 gravitate
1571 2586 1721 2661 deorsum
1745 2592 1810 2663 labi
1821 2590 1883 2667 Flo
1904 2602 1934 2661 5·

274 2692 389 2764 nititur
409 2680 596 2759 dirediione
618 2676 727 2763 Gll,
761 2700 782 2751 a
805 2680 838 2750 ri
859 2680 932 2751 vitri
952 2678 1132 2752 attrahente
1154 2682 1311 2773 premitur
1334 2678 1518 2753 areanae
1537 2679 1615 2753 GC
1637 2689 1815 2776 perpendi.

273 2786 374 2860 cariati
397 2784 439 2855 od
461 2776 678 2873 superficiem:
703 2774 855 2865 adeoque
875 2774 947 2849 bec
968 2796 1061 2873 gutta
1082 2771 1104 2849 A
1129 2776 1254 2869 duplici
1272 2780 1304 2849 vi
1328 2772 1430 2861 aas,
1450 2777 1576 2849 'feretur
1596 2781 1629 2851 in
1650 2782 1815 2879 diagonali

274 2884 335 2957 Gl
359 2876 653 2973 parallelogrammi
676 2870 854 2966 GDIC,
884 2871 977 2965 cujus
999 2872 1220 2946 ambo-latera
1239 2874 1318 2946 sunt·
1333 2870 1447 2963 GD,
1483 2872 1590 2962 'Gc;
1617 2876 1683 2949 hoc
1707 2880 1754 2951 est
1779 2884 1816 2954 iu

274 2976 442 3073 superficie
466 2973 540 3047 rirri
563 2970 640 3045 AB
661 2966 813 3058 defluet,
837 2990 954 3043 cenno
975 2970 1140 3069 gtarlutis
1163 2970 1200 3044 G
1223 2991 1338 3045 tuente
1359 2974 1394 3045 in
1419 2976 1507 3047 reela
1527 2972 1659 3061 Gru,
1694 2976 1736 3049 ad
1765 2978 1817 3051 su·

278 3076 449 3173 perficiem
472 3068 545 3141 AB
571 3066 734 3159 parallela.
810 3062 981 3165 Quoniam
1012 3088 1124 3161 partos,
1191 3088 1272 3154 tta,
1306 3092 1380 3163 qua
1403 3074 1475 3143 vitri
1498 3071 1700 3163 superficiem
1717 3078 1816 3147 attin-

277 3191 383 3271 gunt,
406 3164 670 3239 vehementiora
694 3166 780 3237 vitro
802 3158 993 3251 trahuntur,
1015 3187 1115 3259 quam
1152 3187 1311 3239 emutuo
1333 3166 1492 3257 trahunt,
1517 3190 1586 3241 non
1609 3190 1727 3241 omnes
1740 3182 1819 3265 gut·-

278 3290 322 3345 η
341 3285 449 3359 parret
470 3258 621 3335 deorsum
644 3258 823 3365 defluunt,
858 3260 913 3333 sed
939 3281 1064 3335 tantum
1087 3262 1235 3357 aliqua,
1256 3264 1328 3337 aliae
1351 3267 1387 3339 in
1408 3267 1519 3353 vitro,
1544 3288 1609 3361 qua
1634 3264 1818 3353 fluxerint,
1894 3349 1899 3359 ‚
1944 3350 1947 3355 ,

280 3367 408 3464 ignum
426 3360 574 3433 nunant
599 3356 797 3453 relinquunt
871 3356 912 3431 ld
932 3382 1000 3433 non
1025 3358 1063 3433 fit
1084 3363 1119 3433 in
1141 3360 1340 3451 Mercurio,
1365 3366 1443 3457 quia
1464 3386 1572 3458 partes
1597 3362 1759 3437 Mercurii
1784 3364 1819 3437 se
1960 3426 1966 3433 .

279 3463 397 3541 lortius
420 3456 572 3543 trahunt,
595 3476 693 3547 quam
716 3456 740 3529 t
761 3457 848 3531 vura
873 3456 1057 3545 trahuntur:
1082 3457 1160 3547 ideo
1176 3462 1205 3549 ii¹
1221 3461 1409 3535 Mercurius
1424 3462 1603 3537 defluxerit
1617 3460 1660 3533 ad
1678 3464 1752 3535 vitri
1765 3465 1818 3535 iu⁴

279 3560 433 3635 letiorem
456 3576 488 3627 m
547 3557 661 3639 ’nem,
683 3556 782 3645 eique
804 3570 896 3649 gutta
920 3550 1081 3623 Mercurii
1103 3576 1306 3653 apponatur,
1330 3560 1436 3633 ambae
1452 3580 1554 3658 gutta
1577 3562 1612 3633 iu
1636 3576 1735 3633 uuam
1758 3582 1818 3635 co·
1960 3560 1964 3567 ’

277 3656 444 3741 aiescunt,
468 3650 505 3725 bt
574 3652 718 3723 ercutius
742 3648 775 3721 se
799 3652 819 3719 l
841 3650 929 3721 vitro
952 3646 1108 3743 superiori
1133 3652 1279 3725 secernit.

398 3784 553 3862 MXLll.
576 3782 663 3900 ‘Sint
686 3782 756 3857 duo
772 3784 851 3859 uasa
874 3782 1052 3877 cylindrioa
1077 3788 1274 3879 ABCD,
1307 3790 1457 3865 lKLM
1481 3815 1524 3868 ex
1553 3792 1673 3869 eodem
1701 3798 1814 3883 vitto,
1845 3845 1923 3909 m

309 3890 318 3908 ⁸
346 3892 464 3963 mentis
486 3882 731 3977 amplitudinis,
754 3876 791 3955 ἀ
815 3882 899 3957 ultra
921 3884 1078 3977 pollicem
1101 3888 1184 3978 hta,
1208 3892 1329 3984 quibus
1352 3892 1441 3965 idem
1464 3890 1606 3965 fluidum
1630 3890 1815 3967 infundatur
1822 3923 1935 3986 nvp,

281 3988 324 4061 ad
355 3987 586 4066 altitudinem,
619 4002 694 4071 quae
717 3980 761 4053 ad
782 3978 948 4057 libellam
967 3982 1040 4061 EF
1062 3988 1098 4061 in
1119 4008 1210 4077 uno,
1233 3988 1418 4065 edNOin
1432 3991 1539 4065 altero
1552 3990 1625 4067 vase
1639 3990 1737 4067 ellat:
1768 4012 1813 4065 at·
1823 4004 1885 4079 1³13.
1908 4006 1941 4063 a.

283 4086 420 4158 uadum
442 4087 476 4154 in
501 4098 645 4195 utroque
664 4078 736 4153 vase
757 4078 899 4155 fluidum
922 4082 964 4157 ad
984 4106 1096 4177 parem
1113 4086 1317 4161 altitudinem
1341 4088 1436 4176 ΑΕ,
1461 4086 1521 4163 ΙΝ
1544 4090 1729 4176 adscendit,
1754 4079 1853 4164 eu&
1875 4093 1907 4154 ἵ·

283 4204 350 4275 que
372 4176 606 4255 EG2NP:
635 4177 713 4251 rdeo
737 4182 901 4271 quantitas
921 4186 1046 4255 anmdli
1071 4180 1106 4255 ἃ
1130 4184 1246 4259 elevati
1271 4186 1366 4260 fluidi
1386 4190 1420 4261 in
1443 4191 1528 4264 vitto
1555 4186 1746 4276 ARCD,
1771 4194 1818 4265 est

282 4280 326 4353 ad
350 4302 422 4353 eam
443 4281 479 4351 in
501 4279 585 4353 vitro
606 4271 792 4366 lKLM,
822 4282 872 4353 uti
895 4280 1154 4359 circumferentia
1172 4284 1287 4363 circuli
1315 4284 1477 4367 EGHF
1501 4292 1538 4364 iu
1561 4308 1631 4375 tuto
1651 4287 1751 4379 vase,
1775 4288 1817 4363 ad

1752 4408 1816 4459 cte

318 4583 377 4663 (ι)
399 4582 513 4647 ratior.
536 4584 687 4648 ransart
706 4584 766 4648 aro.
783 4592 850 4661 aaa
