4282 5962
469 270 565 365 DE
608 260 1091 361 COHAERENTIA
1127 284 1189 353 ra
1224 264 1633 363 nummu
1739 294 1822 387 397*

279 474 391 550 voluta
412 470 496 545 funt.
556 469 676 561 operae
701 468 844 561 pretitna·
868 464 929 535 erit
956 464 1104 554 quadam
1137 468 1360 536 monumentis
1389 474 1541 543 mandare
1570 472 1606 545 br
1633 475 1812 568 explicare:

277 573 364 649 Cala
390 570 574 642 tellinarum
596 588 638 637 en
660 586 731 639 anre
755 564 884 633 sarbaaia
901 580 978 630 cum
1002 554 1169 631 Areua&
1196 562 1320 651 Aqua,
1343 584 1400 633 aut
1416 565 1489 636 calx
1506 592 1583 641 cunr
1611 574 1682 643 ruso
1707 574 1813 663 topho

276 670 313 744 br
336 672 460 760 Aqua,
493 688 548 737 aur
569 662 642 733 calx
665 685 742 735 cum
768 680 857 732 terra-
879 660 969 729 tenui
992 658 1155 733 cribrata.
1188 658 1275 731 Ram
1300 658 1385 730 dieta
1417 662 1516 755 (a),
1539 686 1594 736 aut
1618 672 1753 763 gypsum
1776 674 1811 746 in

278 768 345 840 olla
368 766 469 835 ferrea
493 764 675 833 vehementi
703 764 781 855 igne
805 754 958 838 coc'tumr
992 776 1068 824 curn
1092 754 1192 845 Aqua
1214 757 1354 828 mistum.
1413 754 1543 831 Horum
1568 768 1739 852 quodlibet
1762 772 1813 840 in·

275 885 325 937 ter
352 864 438 934 duos
466 856 608 931 mundos
640 860 760 929 lateres
785 852 841 923 vel·
863 852 987 941 lapides
1023 854 1118 935 coir,
1149 852 1312 937 liccatur,
1347 851 1382 925 δι
1416 856 1588 929 confirmat
1612 860 1810 936 irruiturum.

272 962 382 1035 Pulvis
408 957 627 1050 puteolanus,
655 954 744 1049 (qui
772 952 914 1023 nascitur
931 950 966 1018 in
990 948 1180 1045 regionibus
1204 950 1354 1043 Bajanis,
1380 950 1416 1023 ἀ
1436 958 1468 1026 in
1494 958 1580 1051 agria
1603 956 1810 1051 Municipio·

272 1080 362 1141 rum,
388 1058 445 1147 qui
476 1054 547 1125 sum
567 1057 653 1124 circa
679 1046 904 1139 Vesuvium)
928 1044 1041 1117 miliar
1062 1068 1139 1117 curn
1157 1048 1249 1119 calce
1270 1044 1305 1119 δι
1328 1068 1471 1123 cumano
1494 1074 1657 1127 eaenrento
1683 1056 1739 1129 sub
1761 1059 1810 1131 A·
1871 1112 1874 1117 -

271 1176 336 1247 qua
369 1152 559 1231 solidescit,
608 1149 752 1219 aedificiis
782 1142 909 1237 praestat
946 1142 1130 1215 firmiorem
1147 1146 1176 1227 ,'
1199 1144 1302 1236 fitque
1336 1146 1419 1239 lapis
1456 1152 1715 1246 inexpugnabilis
1747 1180 1809 1230 un·

269 1253 321 1325 dis
347 1250 445 1343 (b).
489 1246 547 1319 Est
575 1250 608 1317 in
633 1240 782 1317 Tofo&
817 1244 854 1313 in
877 1240 990 1313 Arena
1019 1242 1163 1339 multum·
1183 1239 1315 1313 Vitrioli
1331 1294 1350 1329 ,
1377 1249 1411 1317 in
1437 1244 1540 1317 Calce
1566 1252 1704 1323 multum
1726 1254 1808 1327 Salis

259 1348 412 1421 'Alcalini
440 1344 524 1439 (c).
575 1342 621 1415 Hi
642 1340 710 1416 bi'ni
732 1338 821 1411 Sales
845 1340 881 1409 io
907 1338 1011 1428 Aqua
1031 1336 1217 1423 solvuntur,
1253 1338 1349 1411 soluti
1368 1344 1403 1415 in
1432 1342 1466 1414 se
1491 1364 1697 1435 operantur.
1729 1374 1807 1423 cum

269 1446 351 1517 alter
379 1445 416 1514 stt
443 1440 578 1534 acidus,
599 1440 680 1512 alter
701 1434 875 1520 alcalinus;
902 1434 980 1505 sales
1001 1433 1035 1505 hi
1059 1437 1146 1506 lente
1171 1433 1421 1510 effervescentes
1447 1443 1481 1512 in
1513 1464 1621 1533 partes
1644 1464 1806 1535 terrenas,

270 1564 326 1613 eas
350 1540 488 1612 multum
512 1558 704 1620 attenuant,
736 1537 904 1625 praecipue
927 1531 950 1601 fi
973 1530 1077 1603 massae
1108 1532 1163 1601 hm
1183 1534 1290 1603 mixtae
1311 1532 1415 1631 longo
1437 1558 1586 1629 ternpore
1610 1563 1691 1612 cum·
1707 1551 1806 1637 Aqru

266 1659 461 1729 maceratae,
484 1636 671 1727 frequenter
697 1628 863 1724 permistae
887 1624 1095 1721 subauaeque
1119 1627 1260 1715 fuerint,
1285 1649 1357 1701 tum·
1377 1636 1470 1705 eninr
1488 1636 1618 1707 tandem
1643 1637 1805 1713 solutione

254 1734 455 1829 ‚tenuissime
481 1730 522 1805 ἃ.
542 1729 634 1823 quali
651 1730 833 1825 pinguioris
856 1746 978 1829 naturae
1000 1726 1168 1799 evaduntt
1203 1730 1287 1799 inter
1310 1724 1435 1821 asperas
1457 1730 1595 1803 laterum
1619 1734 1805 1825 lapidumve

267 1831 452 1923 superficies
475 1826 665 1922 hujusmodi·
694 1822 799 1918 pofi'ra
828 1821 926 1895 malla
956 1818 1170 1908 semissuida,
1200 1822 1302 1909 trita,
1335 1825 1501 1919 apprelia,
1525 1835 1704 1903 accuratius
1725 1834 1805 1907 lare·

264 1950 338 2001 rutn
362 1950 440 2001 cava
462 1926 598 2017 implet,
623 1945 727 2015 poros
751 1920 952 2016 ingreditur,
975 1922 1163 1993 contaiium
1188 1920 1428 2013 superficierum
1445 1946 1559 2021 auget:
1584 1928 1697 2018 postea
1709 1954 1803 2021 aquae

264 2024 379 2116 majori
408 2042 540 2115 patrea
569 2020 730 2091 lateribus·
747 2012 899 2109 ablorpta
922 2014 963 2089 dt
987 2040 1029 2090 ex
1052 2016 1103 2087 his
1124 2037 1222 2109 atque
1250 2038 1292 2089 ex
1313 2016 1587 2107 calcedoine,
1613 2046 1719 2114 partes
1739 2028 1806 2100 cal·

266 2123 336 2204 cis,
362 2140 491 2203 arenae,
518 2117 654 2189 laterum
680 2118 818 2209 propius
845 2116 1026 2198 accedunt,
1051 2112 1165 2187 fortius
1197 2114 1228 2185 se
1256 2137 1344 2187 nunc
1370 2116 1530 2205 trahunt;
1564 2124 1637 2213 qud
1657 2124 1805 2197 indures·

265 2221 312 2291 cit
340 2214 434 2301 calx,
458 2212 494 2285 δι
517 2214 614 2287 fimul
633 2212 832 2286 coherentia
854 2210 892 2283 fit
917 2210 1091 2283 finnilinna
1117 2214 1151 2284 in
1180 2210 1284 2283 malis
1312 2213 1448 2287 laterum
1469 2215 1676 2307 lapidumve:
1712 2222 1802 2295 Sales

267 2315 387 2397 calcis,
412 2334 539 2396 arenae,
566 2308 602 2381 bt
620 2311 727 2381 lateris
749 2308 841 2379 simul
865 2329 942 2379 cum
960 2310 1059 2395 Aqua
1084 2308 1126 2377 ad
1148 2326 1315 2378 externam
1335 2310 1433 2379 delati
1456 2312 1678 2403 superficiem,
1704 2314 1802 2389 &ef-

255 2402 483 2483 florescentes
515 2406 652 2479 crullam
684 2404 794 2475 albam
822 2398 994 2485 efficiunt,
1028 2403 1201 2489 qua-poll
1223 2402 1308 2469 duos
1335 2400 1484 2490 pluresue
1515 2402 1662 2480 annosa
1691 2412 1801 2503 pluvia

265 2508 427 2592 abluitur,
454 2502 489 2577 bt
514 2505 555 2576 ab
582 2504 657 2573 aire
675 2496 849 2591 ventisque
868 2516 984 2571 vexata
1003 2496 1167 2567 evanescit
1187 2498 1221 2567 iu
1245 2516 1353 2568 auras.

313 2604 421 2675 Saletn
445 2601 556 2674 Calcis
580 2596 765 2697 firmitatem
791 2592 941 2683 praestare
967 2592 1151 2695 probatur,
1170 2590 1246 2683 quia
1267 2590 1292 2661 fi
1313 2588 1486 2685 aliquoties
1510 2596 1604 2672 Calci
1628 2625 1710 2696 aqua
1723 2604 1801 2675 cali-

265 2700 307 2773 da
326 2696 531 2783 affundetur,
555 2716 632 2786 quae
655 2689 766 2783 elapso
789 2708 940 2782 tempore
962 2682 1143 2781 rejiciatur,
1168 2688 1276 2761 donec
1306 2686 1348 2761 sal
1371 2696 1480 2785 omnis
1502 2715 1544 2765 ex
1566 2696 1655 2767 calce
1687 2700 1724 2770 srr
1749 2700 1800 2773 so·

263 2797 370 2882 lutus,
397 2794 431 2868 δι
456 2794 636 2876 extrarius,
661 2810 731 2861 tura
750 2786 822 2857 haec
843 2786 916 2858 calx
938 2786 1039 2855 mixta
1061 2806 1138 2856 cum
1160 2806 1254 2856 arena
1277 2808 1346 2857 non
1364 2786 1538 2861 solidescit.

177 2900 181 2905 '
312 2896 347 2965 Si
371 2900 481 2964 Arena
504 2910 622 2981 expers
642 2882 774 2957 Vitrioli
797 2903 856 2955 aut
878 2881 1004 2953 llllartis·
1021 2902 1099 2981 cum
1126 2878 1228 2953 Calce
1252 2884 1458 2970 miseratur,
1487 2890 1584 2959 etiarn
1610 2910 1678 2963 non
1702 2894 1798 2966 indu·

261 3008 349 3063 ratur
372 2987 485 3061 maiia:
512 2988 590 3058 ideo
614 3004 711 3056 arena
733 2978 887 3053 albiffima
910 2976 957 3049 est
980 2980 1075 3068 operi
1099 2977 1249 3063 inutilis,
1284 2980 1375 3073 quod
1399 2983 1485 3055 bene
1509 2985 1527 3055 i
1552 2984 1704 3062 Vitruvio
1728 2994 1798 3062 unu·

260 3085 478 3158 madversum:
504 3086 561 3174 qui
584 3078 995 3151 commemorabuntur
1016 3077 1049 3145 ni
1106 3098 1164 3169 m,
1188 3098 1330 3163 canam,
1350 3080 1511 3168 rubram,
1536 3084 1793 3175 carbunculum

263 3182 311 3254 est
335 3202 469 3275 quoque
492 3180 579 3251 fulva
603 3172 640 3249 δι
662 3170 775 3261 iiava3
808 3172 947 3265 suntque
966 3171 1017 3243 liae
1043 3173 1165 3275 ¹pecies
1187 3170 1338 3260 fofficiae,
1361 3174 1557 3265 fluviatiles,
1582 3178 1617 3253 &
1643 3186 1794 3257 marines

263 3275 303 3353 In
330 3280 457 3375 nigris,
490 3276 605 3362 canis,
640 3270 766 3357 flavis,
797 3268 918 3355 fulvi's,
952 3270 1083 3355 rubris,
1104 3262 1234 3343 -l‘errum
1257 3266 1356 3344 ineffe
1384 3276 1519 3373 inveni,
1538 3278 1689 3373 adeoque
1714 3280 1796 3353 inest

262 3374 394 3449 Vitrioli
420 3375 560 3467 species,
585 3369 678 3464 cujus
699 3368 758 3441 Sal'
767 3364 879 3439 acidus
898 3364 969 3437 esta
1004 3364 1144 3459 Optima·
1164 3366 1211 3439 cll
1233 3368 1344 3442 Arena
1363 3368 1504 3458 fofficia,
1529 3396 1604 3466 qua
1623 3375 1732 3467 aspera
1757 3372 1795 3449 u

260 3496 360 3547 manu
379 3474 557 3546 confdcau
584 3468 660 3539 facit
681 3466 872 3546 stridorem,
905 3485 975 3533 non
995 3462 1080 3533 valet
1101 3463 1210 3535 mollis
1235 3466 1354 3539 terrosa
1359 3491 1375 3555 3
1407 3468 1513 3545 minus
1534 3472 1625 3545 bona
1655 3495 1793 3565 quoque

261 3574 308 3643 eil
329 3573 515 3651 fluviatica,
540 3565 598 3636 nist
619 3576 809 3633 excernatut
826 3578 868 3627 ex
891 3558 999 3652 glarea
1027 3554 1063 3627 ἂ
1086 3568 1186 3629 terra:
1209 3562 1320 3633 Arena
1343 3562 1385 3634 d'e
1407 3565 1502 3639 litore
1529 3572 1655 3641 marino
1679 3572 1713 3643 id
1734 3571 1792 3641 lm

260 3669 319 3737 bet
338 3670 432 3750 vitii,
452 3664 542 3757 quod
564 3663 610 3734 ob
633 3657 741 3731 Salem
764 3652 1218 3736 marinumadhaerescentem
1245 3656 1416 3732 difficulter
1440 3662 1590 3736 ficcescat
1606 3717 1624 3753 ,.
1650 3690 1714 3741 nec
1738 3656 1792 3743 lir'·

260 3782 335 3835 mos
359 3762 489 3856 praester
511 3762 665 3854 parietes.
983 3844 987 3853 Ι

307 3862 406 3952 Aqua
432 3862 532 3931 etiam-
554 3857 595 3929 ad
620 3856 809 3937 ,firmitatem
829 3850 1011 3947 concurrit:
1037 3846 1243 3925 Ponderetur
1262 3850 1351 3925 enirn
1365 3850 1450 3925 Cala
1468 3854 1548 3927 licea
1567 3856 1718 3933 nondum
1735 3881 1792 3934 ex·

261 3954 385 4044 unua,
411 3978 481 4029 tum
502 3948 667 4027 Arena&
687 3951 819 4023 lateresz
846 3946 932 4022 Cala
952 3944 1081 4021 sunaus
1104 3970 1181 4021 cunr
1202 3944 1337 4043 aqua&
1362 3970 1458 4021 arem
1484 3954 1568 4025 inter
1594 3956 1709 4029 lateres
1728 3981 1790 4051 po

261 4074 370 4128 natur:
396 4055 566 4147 postquam
588 4050 708 4125 deinde
723 4046 834 4141 elapso
850 4062 1007 4141 tempore
1023 4045 1141 4121 ramma
1163 4068 1240 4121 cum
1255 4044 1358 4120 Caice
1371 4046 1571 4123 consolidati
1588 4052 1682 4143 sunt,
1706 4077 1789 4150 pen·

1742 4154 1797 4227 lio

296 4348 355 4425 (ι)
375 4349 474 4412 Heath
495 4357 620 4409 account
639 4344 676 4407 oi
692 4344 784 4423 Scllly
804 4360 877 4423 pag.
895 4350 952 4419 67.-

295 4429 356 4505 (b)
379 4429 530 4488 Vitruvius
553 4428 582 4485 in
605 4426 761 4486 Architeil.
784 4425 852 4484 Lib.
875 4440 905 4484 a.
929 4422 1001 4499 Cap.
1025 4424 1056 4485 6.
1074 4418 1190 4484 Plinius
1206 4423 1240 4487 lu
1258 4422 1457 4495 niundon.
1471 4426 1538 4495 Lib.
1553 4444 1602 4510 35.
1625 4426 1698 4514 Cup.
1717 4438 1769 4501 13,

295 4506 533 4588 (t)1.'Hlstolr.
556 4503 593 4566 de
614 4504 730 4567 l'Aead.
748 4503 825 4581 Rop.
847 4504 901 4567 Ao.
923 4516 1008 4580 1724.
1021 4520 1092 4607 pag.
1113 4517 1160 4576 55.

1006 4628 1243 4743 2'Ddd3
