4282 5962
490 290 570 391 328
814 272 951 367 DE
1064 269 1712 367 MAG-NETE.

493 473 590 563 BH,
614 474 693 549 euni
716 472 841 546 inflexis
862 472 982 565 linguis
1001 465 1096 556 ΚΕ,
1120 464 1202 551 nl,
1227 468 1262 537 in
1289 488 1426 541 acumen
1447 464 1482 540 L
1506 466 1542 541 ἃ
1567 470 1584 543 l
1605 470 1854 566 detinentibus,
1874 477 2011 573 imi·

491 575 619 665 busque
643 576 680 645 in
705 570 795 643 resta
824 566 935 639 LKE
959 564 1087 652 Fili,
1119 586 1195 657 quae
1224 564 1354 637 uanfire
1374 569 1564 659 concipitur
1586 573 1745 645 uerticem
1759 574 1840 665 :styli
1864 576 1922 667 Ρ,
1954 584 2009 659 vel

491 692 616 761 partem
636 664 821 739 inbrium
847 664 988 737 Achate
1010 662 1153 745 EGF,
1178 658 1498 753 Huj1181¹l0disscuia
1521 663 1597 737 licet
1620 674 1911 765 magniazqualluu
1935 700 2009 753 mo·
2034 740 2037 749 .

491 767 601 853 tibus,
631 784 702 835 nort
725 762 823 834 facile
856 784 898 833 ex
925 760 999 831 stilo
1024 759 1052 830 P
1074 761 1250 830 excutitur·
1299 754 1389 853 Quia
1411 763 1629 835 extremitates
1651 763 1683 835 L
1706 764 1743 839 dt
1766 768 1812 856 1,
1838 771 1949 864 jacent
1972 779 2010 849 in

488 860 603 933 eudem
632 862 782 933 metrae
810 880 896 951 apex
922 856 983 928 stili
1008 853 1058 941 Ρ,
1088 854 1163 927 =sunt
1189 853 1242 925 hae
1269 855 1510 944 imperturbate
1534 861 1734 935 tremiscente
1757 872 1905 957 quamvis
1929 894 2011 945 acm

487 978 556 1050 quo
576 962 674 1051 paeto
693 978 770 1031 veta
790 957 928 1029 dircllr'o
948 974 1027 1025 acus
1045 954 1109 1025 live
1128 954 1269 1044 quiete,
1289 951 1356 1023 lire
1381 956 1548 1027 remmus
1569 959 1879 1043 inextrenriratibus
1892 967 1924 1039 L
1937 964 1974 1039 dt
1993 968 2012 1040 l

380 1063 454 1124 Tau.
486 1056 646 1129 obseruari
665 1054 794 1147 semper
816 1054 934 1145 potest.
986 1048 1185 1137 custoditur
1208 1046 1280 1119 hec
1303 1068 1382 1120 acus
1403 1050 1440 1121 iu
1469 1048 1565 1123 them
1593 1050 1702 1150 lignea
1732 1056 1940 1159 MNOQ‚
1973 1069 2011 1137 in

339 1136 446 1294 ill:
485 1151 761 1321 llllirili,
771 1151 899 1319 ult
916 1148 1281 1318 induimur
1298 1143 2010 1338 :sutrinensem

486 1345 645 1437 speculari
676 1349 806 1441 tegitur.
855 1342 914 1416 Est
944 1363 1100 1435 preterea
1123 1344 1158 1414 in
1193 1342 1288 1435 theca
1316 1341 1421 1415 varius
1443 1362 1616 1433 apparatus
1629 1364 1684 1417 err
1707 1348 1809 1421 ebore
1823 1342 1854 1435 J
1872 1374 1941 1425 non
1965 1376 2011 1433 ex

485 1442 672 1529 orichalco,
699 1445 775 1535 quia
799 1440 916 1533 Lepidi
941 1442 1124 1515 calaminari
1136 1434 1247 1511 insunt·
1260 1456 1367 1531 partes
1390 1436 1521 1526 ferree,
1546 1446 1621 1533 qu'ae
1645 1464 1665 1515 u
1689 1442 1852 1542 Nhgnete
1876 1450 2007 1525 tmhun.

485 1542 560 1629 tur?
610 1540 659 1615 Et
687 1560 781 1613 acum
808 1540 850 1611 ab
882 1538 1048 1611 orichalco
1073 1536 1157 1609 affici
1178 1558 1218 1609 ac
1237 1536 1364 1609 turbari
1387 1556 1594 1629 compertum
1617 1538 1664 1611 est
1687 1541 1781 1637 (a).
1810 1538 1891 1617 “Est
1915 1546 2008 1623 VW

481 1638 646 1725 cylindrus
664 1637 853 1720 eburneus,
876 1634 1028 1707 verbulis
1048 1634 1085 1707 in
1104 1634 1267 1725 capitibus
1291 1631 1462 1725 perforatis
1485 1632 1548 1718 V,
1580 1636 1639 1709 W.
1687 1636 1796 1731 Hujus
1821 1642 1934 1716 medio
1959 1649 2011 1721 in·

481 1732 564 1829 fixus
587 1732 634 1803 est
656 1731 738 1803 alius
764 1730 854 1803 stilus
876 1730 978 1827 XZ,
1010 1752 1108 1824 quem
1128 1729 1329 1824 perfatuum
1349 1730 1457 1803 tranlit
1479 1727 1623 1811 Versorii
1654 1733 1927 1811 sustentaculum:
1959 1744 2011 1819 est

482 1851 577 1903 ovata
597 1830 715 1901 lamina
739 1827 775 1899 Y
792 1822 943 1901 veisatilis
968 1829 1139 1903 manubrio
1162 1850 1204 1901 ex
1224 1829 1320 1901 theca
1345 1829 1530 1914 eminentis
1551 1827 1656 1923 ,hujus
1674 1830 1817 1911 ,lamine
1843 1834 1879 1905 Y
1901 1858 2011 1911 extre·

481 1929 581 2005 ntitas,
600 1948 665 2017 pro
689 1926 796 2007 lubim
826 1926 964 2020 deprimi
991 1947 1048 2001 aut
1082 1927 1180 2001 laxari
1208 1924 1347 2017 potestt
1377 1924 1465 2019 jacet
1484 1926 1581 1996 etiam
1604 1928 1639 2000 in
1662 1927 1765 2001 thece
1788 1928 1892 2003 fundo
1917 1934 2011 2008 lilius

481 2022 647 2120 'oblongus
667 2028 740 2111 ab,
763 2024 939 2114 elaliicus,
963 2027 1021 2098 sub
1045 2024 1194 2118 cylindro
1210 2023 1311 2113 XZ,
1337 2024 1396 2117 qui
1418 2020 1508 2109 hunc
1531 2026 1690 2096 coninua
1713 2026 1749 2097 in
1772 2026 1874 2097 altum
1897 2031 2009 2121 pellit!

480 2119 562 2193 Ideo
585 2121 704 2195 lamini
729 2122 768 2197 Y
794 2124 985 2217 conversi,
1016 2123 1158 2205 eleuauit
1181 2120 1284 2209 XZ,
1317 2116 1355 2193 dt
1379 2141 1456 2193 cum
1479 2142 1523 2193 eo
1538 2120 1641 2203 ,limul
1663 2141 1742 2211 acus
1763 2126 1919 2213 nautica,
1949 2151 2010 2223 up·

478 2216 581 2313 prela
602 2238 671 2299 nrm
695 2222 782 2299 vitro
805 2218 991 2315 speculati,
1028 2243 1099 2315 quo
1130 2222 1229 2311 patto
1252 2240 1340 2313 apex
1365 2217 1429 2287 llili
1452 2239 1523 2291 non
1545 2217 1674 2293 laeditur
1698 2218 1848 2294 nsnsseto
1872 2225 1907 2293 in
1930 2224 2010 2301 alias

478 2316 630 2410 regiones
658 2316 826 2392 versoriot
858 2316 944 2389 Sunt
973 2320 1073 2387 ctiam
1105 2314 1269 2387 cochleae
1297 2317 1333 2385 iu
1357 2314 1512 2385 latetlbus
1537 2314 1673 2403 thece,
1704 2334 1744 2389 ut
1765 2338 1915 2391 accurate
1939 2341 2010 2397 tota

478 2410 630 2485 machina
659 2414 696 2483 in
726 2412 788 2489 litu
810 2411 853 2483 td
877 2410 983 2485 solum
1003 2410 1159 2505 parallelo
1182 2428 1334 2502 ponantr.
1386 2408 1469 2481 Sunt
1489 2430 1625 2503 quoque
1655 2410 1726 2485 alie
1750 2433 1828 2485 acus
1851 2419 2010 2510 nauticae,

479 2510 619 2597 quarum
645 2512 799 2583 eturernis
828 2507 888 2579 alae
918 2507 991 2579 sunt
1017 2510 1120 2580 affixe
1150 2528 1229 2578 cunr
1248 2506 1515 2578 subdivilionibu's
1539 2504 1695 2599 Nounii,
1727 2508 1809 2581 olim
1833 2534 1853 2583 a
1875 2534 1929 2585 me
1952 2518 2013 2608 def

477 2604 624 2691 scriptae,
649 2621 687 2670 ut
707 2604 882 2673 declinatio
900 2622 920 2669 a
940 2602 1080 2673 Minuta
1099 2600 1143 2669 ad
1172 2601 1341 2671 Minutum
1368 2602 1544 2672 internosci
1568 2602 1676 2689 pellit.

368 2729 443 2794 paq,
548 2755 558 2776 .
583 2704 923 2781 DCCCCLXVII.
936 2706 1031 2780 ‘Len'
1050 2706 1208 2799 penicillo
1233 2708 1414 2801 depingere
1436 2706 1527 2777 volui
1553 2708 1703 2781 Versoria
1727 2715 1870 2793 Nautica
1894 2728 2011 2801 lauda&

325 2808 436 2873 xxlll.
476 2806 500 2874 ti
525 2822 589 2871 rma
612 2802 794 2872 nostrorum
817 2820 1032 2889 temporum,
1058 2798 1177 2893 quibus
1196 2800 1284 2872 Sulis
1306 2800 1523 2871 Azimurhum
1549 2804 1766 2895 obserentur,
1790 2835 1868 2887 cum
1893 2844 1935 2893 ex
1960 2847 2007 2898 eo

324 2885 387 2961 fig.
402 2894 431 2950 ⁶·
475 2920 553 2971 acus
578 2900 770 2993 magnetica
792 2894 967 2967 declinatio
990 2896 1053 2965 levi
1075 2892 1204 2969 calculo
1228 2894 1401 2991 colligitur.
1452 2894 1575 2966 Forma
1599 2898 1676 2970 scits
1701 2904 1749 2972 est
1771 2905 1891 2982 lamina
1907 2918 2008 3006 plana

475 3000 511 3085 in
526 3012 595 3067 tota
607 2994 676 3071 fere
692 2992 920 3091 longitudine,
945 3012 1020 3081 quae
1042 2990 1206 3061 aurnuns
1226 2990 1294 3077 est,
1317 3008 1414 3081 eque
1435 2988 1519 3078 lata,
1543 2993 1681 3067 latitudo
1705 2996 1792 3091 sepe
1803 3004 1851 3075 eli
1869 3002 1912 3105 ἦ
1929 3016 2002 3103 pol.

476 3094 524 3167 est
554 3106 592 3157 s„
615 3086 881 3187 pollictorem,
905 3088 1069 3179 utrimque
1095 3084 1244 3159 delinens
1267 3084 1390 3182 angulo
1412 3084 1598 3163 admodum·
1617 3092 1753 3163 obtuso:
1778 3098 1824 3168 cst
1840 3102 1875 3171 in
1889 3108 2004 3181 medio

476 3158 690 3284 non⁸ixiguit
714 3186 862 3280 apermrd
883 3182 1125 3275 perforata„ut
1148 3180 1257 3271 stilus,
1281 3186 1342 3255 cui·
1360 3204 1438 3255 rcus
1459 3184 1637 3273 insrdsbit,
1660 3187 1824 3263 liberrime
1849 3202 2006 3292 nauseat,

371 3352 375 3361 ,
427 3332 432 3343 ·
477 3286 741 3381 ingrediaturque
765 3280 949 3371 cylindrum
977 3300 1122 3365 cavum,
1159 3281 1241 3351 ultra
1272 3300 1367 3350 acum
1398 3278 1605 3367 exstantem,
1635 3285 1728 3377 cujus
1751 3292 1931 3381 capitulum
1955 3304 2006 3375 est

356 3374 364 3393 “
474 3400 686 3465 concavum,
710 3378 880 3472 politum,
905 3398 947 3449 et
971 3375 1113 3450 Achate.
1163 3376 1257 3448 Acus
1278 3377 1363 3447 inter
1373 3374 1455 3449 duas
1477 3376 1604 3451 chartas
1628 3382 1849 3477 orbiculares,
1873 3397 2007 3471 intense

365 3460 370 3471 '
475 3476 743 3573 conglutinans,
768 3474 862 3549 firme
885 3474 998 3569 jacett
1022 3472 1155 3545 Chartae
1181 3474 1228 3545 ob
1250 3471 1429 3546 Rhombus
1451 3492 1624 3549 ventomm
1648 3477 1845 3583 inscriptos,
1871 3512 2004 3569 eorum.

400 3606 422 3633 ··
474 3596 543 3668 que
560 3570 732 3645 Stellarum
751 3571 913 3658 formam,
937 3592 958 3643 a
979 3568 1093 3669 Belgis
1117 3570 1322 3663 appellentur
1346 3572 1476 3670 Rosos·
1491 3567 1591 3645 Rosae
1616 3596 1669 3647 rna
1708 3580 1793 3651 ocst
1807 3584 1843 3658 in
1861 3590 2004 3684 gradus,

472 3672 598 3771 vulgari
636 3672 740 3743 modo
769 3668 898 3749 diulus,
947 3666 1038 3741 Rosa
1065 3664 1132 3761 jam
1162 3666 1236 3740 stilo
1263 3664 1408 3741 iulistens
1431 3668 1630 3837 αῑίὶυαωάῐιι
1653 3674 1846 3769 ncillam,
1880 3684 2005 3765 diutius

473 3786 545 3871 quo
565 3768 628 3843 lllll
644 3790 730 3861 aper
753 3764 800 3840 est
817 3768 962 3839 acutior:
984 3770 1128 3860 cumque
1141 3763 1176 3836 id
1199 3766 1235 3837 in
1257 3766 1330 3837 navi
1354 3766 1450 3839 undis
1532 3770 1790 3861 venusqurlun
1802 3778 2005 3865 potillinnnn

475 3870 625 3955 eveniat,
647 3864 800 3939 chartule
824 3864 950 3957 aliquot
971 3860 1367 3953 subformaertpaustntm
1383 3862 1505 3941 alarum
1528 3864 1672 3937 inleriorl
1697 3864 1796 3938 Rosae
1820 3872 2005 3966 superficiei

474 3962 548 4037 funt
569 3964 775 4061 adglutinatae
786 4011 798 4045 ,
809 3961 943 4072 ‘quibus
962 3960 997 4028 in
1016 3960 1126 4071 adrem
1146 3958 1383 4031 incurrentibus
1395 3976 1415 4077 ς.
1441 3962 1539 4031 rdmis
1549 3959 1718 4077 mobilitas
1730 3964 1817 4053 quali
1836 3970 2001 4071 frenatur,

475 4081 642 4235 ir‘r‘iii
668 4050 1248 4241 llllllilrlillluii
1274 4054 1763 4247 {impiiiepb'idlrii‘iul
1787 4066 1999 4259 lilii:

477 4251 706 4331 dunenaliter
727 4245 869 4341 oppoliti
889 4246 1032 4334 exllant,
1056 4247 1224 4340 inquibus
1240 4248 1276 4323 in
1293 4250 1493 4347 aequilibrio,
1518 4248 1555 4329 δι
1579 4251 1741 4331 liberrime
1764 4261 1894 4341 mobilis
1915 4288 2001 4443 pag·

481 4412 488 4423 .
1143 4404 1163 4413 --
1986 4386 2001 4443 t

515 4540 576 4625 qr)
595 4538 703 4610 llrllus.
725 4540 876 4612 rassae
898 4539 961 4627 sel,
975 4556 1027 4623 ςο.
1046 4556 1124 4629 part.
1138 4558 1170 4611 a.
1188 4562 1256 4629 pat.
1271 4554 1344 4631 tm
1435 4596 1455 4617 „r
