4546 6080
585 353 664 461 196
762 338 872 432 uu
955 327 1452 428 asscensu
1507 328 1944 424 nnn-vrum

578 547 640 620 lela
666 543 707 616 ad
722 540 832 625 DE,
856 534 974 627 peribit
1004 551 1113 604 motus
1144 525 1249 614 DO,
1271 525 1435 617 superstite
1458 523 1550 598 ΝΟ.
1600 526 1696 623 Qtia
1719 549 1827 601 autem
1852 533 1885 604 in
1912 532 2089 638 Trianguio

579 641 767 737 redargulo
787 630 987 726 hypotenusa
1012 628 1136 720 semper
1155 624 1201 696 est
1222 622 1324 714 major
1346 623 1494 713 quolibet
1518 624 1637 709 latere,
1663 621 1697 696 bt
1723 627 1895 716 quodlibet
1917 632 1999 706 latus
2020 661 2090 711 eva·

579 742 626 813 dit
650 741 853 828 hypotenusa
875 729 1037 824 sequentis
1060 721 1256 818 Trianguli,
1288 739 1377 810 patet
1408 721 1560 792 lateribus
1591 720 1843 817 Triangulorum
1876 727 2001 822 semper
2036 738 2092 808 de·
2170 810 2190 836 l

572 835 815 916 crescentibus,
840 824 1073 918 hypotenusam
1098 819 1227 892 taudem
1249 817 1319 889 fieri
1342 817 1467 889 infinito
1491 841 1643 911 parvam,
1668 818 1722 890 sed
1746 820 1817 892 haec
1843 830 1994 918 exprimit
2019 855 2090 906 mo-

573 953 643 1004 tum
667 930 835 1021 corporis,
859 924 1009 1012 adeoque
1030 939 1124 992 motu
1144 917 1302 990 evadente
1319 912 1444 987 infinite
1469 937 1589 1008 parvo,
1613 936 1734 1006 corpus
1758 921 1888 993 undem
1913 928 2066 1016 quiescet.

444 1063 522 1122 sau·
621 1034 651 1136 §.
679 1028 938 1108 DCXXXVll.
963 1027 997 1099 Si
1018 1048 1132 1100 centro
1155 1028 1209 1114 B,
1226 1027 1317 1098 radio
1336 1027 1402 1100 AB
1418 1025 1613 1100 describatur
1628 1027 1786 1116 circulus,
1812 1031 2012 1128 ducantque
2025 1043 2093 1116 dia·

421 1139 490 1200 xv.
570 1156 674 1206 meter
688 1131 840 1215 abBC‚
867 1123 902 1198 dt
924 1124 999 1199 BC
1018 1127 1055 1194 lit
1075 1126 1228 1215 planum,
1250 1124 1340 1214 quod
1352 1123 1477 1216 adjacet
1499 1124 1600 1214 plano
1625 1125 1722 1210 AB,
1755 1125 1931 1202 dimittatur
1953 1157 2093 1228 perpen.

419 1217 480 1294 sig.
495 1222 542 1278 ¹⁹·
569 1231 719 1304 dicularis
744 1229 825 1312 Ab,
850 1227 911 1295 erit
934 1225 994 1296 bB
1016 1241 1126 1293 motus
1150 1219 1324 1314 superstes,
1349 1220 1434 1292 finus
1454 1221 1564 1315 auguli
1589 1221 1695 1294 BAb
1719 1222 1786 1294 srvo
1807 1225 1952 1313 ΑΒΚ,
1988 1229 2023 1303 dt
2047 1241 2094 1311 ab

563 1329 648 1401 srnus
669 1327 775 1399 versus
800 1343 893 1395 arcus
916 1322 999 1406 Aa,
1024 1317 1115 1410 cujus
1133 1320 1217 1391 srnus
1236 1317 1283 1389 ell
1308 1318 1378 1390 At.
1403 1316 1553 1408 adeoque
1577 1339 1688 1391 motus
1712 1321 1867 1410 superstes
1891 1323 1938 1395 cst
1962 1335 2094 1421 aqualis

564 1427 645 1498 linui
666 1422 900 1514 complementi
928 1417 996 1511 ejus
1011 1417 1142 1512 anguli,
1166 1437 1263 1507 quem
1282 1436 1401 1508 corpus
1417 1433 1543 1486 motum
1567 1415 1644 1487 facit
1668 1439 1745 1489 cum
1769 1418 1891 1510 plano,
1916 1427 2008 1514 quod
2032 1431 2091 1502 irn-

561 1525 693 1617 pingit;
731 1519 842 1613 estque
871 1517 924 1588 hit
940 1517 1023 1587 linus
1050 1514 1182 1606 aqualis
1203 1513 1283 1586 finui
1306 1516 1367 1586 toti
1391 1511 1503 1585 demto
1527 1511 1597 1585 finu
1620 1514 1712 1588 verso
1739 1517 1849 1612 anguli
1875 1517 2017 1610 ABG,
2041 1528 2092 1602 vel

563 1620 679 1694 ABb.

414 1755 489 1819 Tan.
608 1736 639 1832 b.
667 1732 942 1810 DCXXXVlll.
968 1733 1002 1804 Si
1026 1755 1106 1830 ergo
1129 1727 1255 1822 aliquot
1280 1730 1377 1822 plana
1406 1728 1464 1800 sibi
1488 1728 1655 1824 adjaceant
1689 1733 1746 1804 sub
1778 1737 1955 1827 equalibus
1989 1764 2091 1838 angu.

413 1835 493 1894 xv1.
562 1835 601 1906 lis
622 1834 760 1921 ABC,
786 1833 822 1905 dt
842 1833 1126 1922 motuscorporis
1147 1831 1287 1916 primum
1308 1825 1436 1898 amissus
1461 1829 1492 1898 in
1518 1828 1645 1899 incursu
1669 1831 1703 1901 in
1729 1828 1861 1922 planum
1880 1836 2013 1926 aequalis
2029 1843 2090 1912 ab,

406 1911 511 1996 ΗΜ·
563 1928 737 2004 &centro
759 1935 788 2004 B
814 1932 904 2002 radio
929 1930 990 2002 Bb
1013 1927 1208 1999 describatur
1234 1945 1327 1998 arcus
1352 1921 1464 1995 circuli
1489 1925 1571 2008 bd,
1603 1928 1664 1998 erit
1688 1927 1755 2019 ejus
1780 1927 1863 2001 finus
1888 1931 1995 2002 versus
2018 1939 2089 2024 bd,

561 2032 617 2120 qui
639 2033 797 2123 exprimet
817 2029 972 2121 januam
998 2045 1134 2111 motus,
1165 2020 1264 2095 &ita
1289 2043 1350 2116 pro
1377 2020 1585 2112 sequentibus
1609 2022 1713 2114 planis
1736 2045 1831 2095 erunt
1855 2048 1964 2100 motus
1988 2034 2089 2105 amiffi

559 2128 624 2213 de,
650 2127 708 2224 ef,
724 2128 795 2227 fg,
816 2121 942 2224 gin&
966 2123 1010 2194 fic
1039 2143 1167 2216 porro,
1203 2114 1370 2190 &motus
1397 2117 1554 2212 superstes
1579 2121 1662 2206 Bb,
1688 2122 1764 2191 ideo
1789 2121 1855 2192 hoc
1879 2127 2089 2216 rnodomo·

556 2243 647 2298 utum
666 2226 797 2320 jacturae
819 2245 859 2294 err
891 2221 1020 2295 incursu
1038 2223 1072 2291 in
1098 2217 1269 2311 quodlibet
1294 2214 1428 2310 planum
1451 2213 1604 2302 facillime
1628 2219 1893 2294 determinantur.
1950 2305 1957 2315 ¹

408 2347 484 2407 Tan.
586 2342 635 2440 '§.
665 2341 908 2416 DCXXXIX.
936 2339 1042 2436 Quod
1065 2341 1088 2411 fi
1112 2338 1206 2432 plana
1226 2341 1309 2409 inter
1340 2340 1372 2408 se
1402 2359 1471 2410 non
1501 2339 1642 2420 efficiant
1665 2338 1804 2432 angulos
1827 2343 1995 2432 aquales,
2034 2345 2089 2420 fed

406 2425 488 2518 livi.
556 2441 762 2532 inaequales,
789 2461 929 2532 quorum
952 2436 1195 2530 complementa
1209 2434 1251 2505 ad
1276 2436 1424 2505 erectos
1448 2435 1508 2506 fiat
1532 2435 1642 2530 anguli
1666 2436 1796 2517 Aua,
1824 2437 1925 2512 de.
1949 2443 2039 2515 eBe.
2065 2445 2088 2516 st
2132 2473 2137 2479 ·

387 2503 507 2580 ‘lle-2·
555 2537 652 2610 fuerit
676 2557 784 2610 motus
806 2537 954 2631 corporis
977 2533 1109 2622 aequalis
1132 2532 1238 2616 AB,
1272 2535 1333 2603 erit
1363 2530 1484 2622 yarturr
1513 2553 1624 2604 motus
1648 2533 1721 2625 post
1746 2536 1885 2625 primum
1911 2540 2086 2632 imparium

553 2636 686 2723 aequalis
701 2638 762 2706 ab.
786 2657 855 2704 tum
873 2631 964 2702 radio
980 2633 1038 2700 Bb
1052 2627 1247 2697 describatur
1265 2649 1359 2698 arcus
1373 2630 1442 2712 db,
1467 2633 1598 2718 capiens
1623 2629 1779 2722 angulum
1803 2632 1829 2701 A
1834 2632 1912 2724 Bb,
1946 2638 2086 2710 dimitta-

551 2747 604 2798 tur
624 2728 899 2820 perpendicularis
920 2725 990 2805 dd,
1016 2724 1076 2791 erit
1099 2741 1210 2791 motus
1232 2719 1360 2790 amilius
1385 2724 1418 2790 in
1443 2719 1587 2790 secundo
1612 2725 1753 2813 impactu
1778 2731 1910 2815 aequalis
1934 2735 1986 2804 bd
1999 2785 2010 2820 ,
2037 2757 2085 2806 ra·

551 2824 609 2893 dio
632 2823 696 2894 Bd
721 2821 916 2892 describatur
934 2840 1028 2887 arcus
1052 2818 1098 2888 da
1120 2819 1252 2908 capiens
1274 2815 1429 2908 angulum
1460 2817 1575 2892 eBd,
1610 2815 1786 2886 dimittatur
1811 2829 2086 2916 perpendicularis

550 2943 622 3005 te,
655 2921 715 2989 erit
745 2911 1013 2994 motus'amislus
1042 2914 1075 2984 in
1108 2913 1204 2983 tertio
1222 2914 1365 3002 impatiu
1383 2912 1515 2998 aequalis
1539 2913 1613 2992 de,
1644 2907 1680 2978 δι
1706 2929 1795 2981 totus
1819 2931 1929 2991 motus
1952 2928 2083 3002 amissus

550 3015 684 3107 aqualis
710 3041 778 3102 ae,
810 3014 874 3087 five
901 3009 1031 3082 summa
1055 3008 1181 3081 finuum
1201 3004 1388 3080 versorum:
1414 3000 1450 3075 dt
1478 3005 1632 3100 superstes
1655 3004 1790 3098 aequalis
1813 3012 1900 3101 eB,
1934 3039 2008 3109 qnae
2034 3025 2083 3094 est

549 3113 731 3188 differentia
760 3117 845 3185 inter
863 3111 965 3182 finum
988 3126 1094 3180 totum
1117 3103 1152 3177 dt
1175 3105 1330 3177 summam
1356 3100 1484 3176 smuum
1508 3103 1683 3176 versorum.

421 3228 497 3290 Tau.
588 3231 631 3332 '§.
657 3229 811 3309 DCXL.
836 3231 870 3302 Si
887 3229 973 3300 idem
990 3247 1110 3319 corpus
1125 3243 1293 3298 moveatur
1316 3225 1350 3295 in
1375 3242 1492 3309 curva,
1517 3227 1578 3295 erit
1598 3221 1719 3316 jactura
1744 3245 1853 3302 motus
1878 3251 1920 3303 ex
1944 3236 2082 3330 impres·

402 3308 483 3404 m
552 3334 642 3403 stone
665 3334 700 3401 in
728 3349 859 3400 curvam
880 3323 1005 3396 infinite
1028 3345 1125 3416 parva
1154 3321 1206 3394 vel
1231 3321 1350 3407 nulla,
1379 3319 1417 3388 fit
1443 3339 1541 3393 curva
1566 3322 1783 3398 ABCDE
1807 3329 2006 3402 confiderata
2032 3339 2080 3408 uti

404 3386 466 3462 ΗΒ·
483 3403 512 3464 3·
551 3427 758 3521 polygonum
781 3423 920 3493 laterum
942 3419 1067 3492 infinite
1090 3441 1293 3512 partorum,
1331 3438 1471 3511 quotum
1499 3419 1670 3510 quodlibet
1694 3422 1778 3494 latus
1802 3445 1878 3497 cum
1905 3425 2082 3524 Tangente

550 3521 666 3596 efficiat
684 3520 821 3618 angulos
839 3518 1000 3610 aquales,
1021 3515 1076 3587 sed
1093 3516 1217 3586 infinite
1233 3536 1351 3608 parvos
1375 3513 1501 3586 BAX.
1528 3537 1596 3588 tum
1621 3517 1706 3589 finus
1730 3520 1809 3590 verli
1834 3523 1951 3595 horum
1975 3547 2082 3622 angu.
2108 3549 2113 3554 ·

430 3653 435 3670 ‹
548 3621 657 3692 lorum
683 3638 778 3690 erunt
803 3616 928 3689 infinite
949 3636 1047 3706 parva
1069 3612 1200 3684 secundi
1229 3613 1379 3698 ordinis,
1410 3612 1560 3704 adeoque
1585 3615 1734 3706 quolibet
1758 3639 1929 3691 momento
1953 3644 2081 3716 corpus

548 3720 672 3790 amittet
691 3715 870 3788 velocitatis
887 3731 1029 3804 partem,
1055 3733 1130 3803 quae
1151 3711 1212 3780 erit
1226 3709 1352 3780 infinite
1376 3728 1472 3800 parra
1497 3709 1627 3782 secundi
1654 3713 1802 3796 ordinis.
1829 3717 1980 3808 adeoque
2007 3742 2080 3798 tota

475 3892 478 3901 ¹
545 3815 667 3908 iactura
699 3813 879 3888 velocitatis
904 3811 937 3880 iri
962 3807 1182 3900 percurrenda
1208 3826 1276 3877 tota
1297 3828 1419 3888 curva,
1443 3808 1503 3876 etit
1529 3827 1653 3882 tantum
1677 3810 1811 3904 aqualis
1836 3817 2005 3904 quantitati
2030 3822 2082 3894 in·

456 3934 460 3945 ·
549 3913 639 3985 finite
657 3933 763 4010 parvae
785 3931 826 3984 ex
847 3929 965 3998 qurva,
991 3927 1064 4002 quae
1086 3901 1193 4000 potest
1213 3903 1325 3978 haberi
1347 3923 1409 3998 pro
1432 3901 1530 3976 nulla.
