4282 5962
520 257 1513 372 projectorum
1711 294 1787 376 m

315 460 347 564 §.
372 456 531 536 DCCV.
556 457 726 530 Mereatur
743 455 869 528 consuli
888 473 961 546 quae
987 453 1030 525 de
1051 474 1147 527 motu
1168 452 1389 546 projedlorum
1414 457 1487 547 post
1506 456 1700 542 Galilaeum‚
1725 463 1787 532 hu-

265 561 318 657 jus
334 560 490 635 doilrina
507 558 730 639 inventorem,
754 553 955 627 tradiderunt
971 549 1167 624 Mersennus
1188 551 1269 645 (a)
1304 550 1515 624 Torricellius
1537 554 1558 647 (
1593 555 1625 644 ).
1677 558 1785 630 Blon·

267 659 374 731 dellus
397 651 484 751 (c).
506 650 631 723 Keilius
653 651 748 746 (d).
797 649 951 724 Cotefius
972 648 1054 742 (e).
1088 647 1274 722 Newtonuu
1283 647 1380 817 eas).
1405 671 1546 740 quorum
1569 651 1644 736 hic,
1667 675 1789 744 corpo-

265 778 302 829 ra
323 777 384 849 per
406 752 548 825 medium
567 746 714 821 renuens
736 747 904 840 projesta,
936 767 1004 819 non
1024 748 1060 818 in
1082 745 1236 838 parabola
1260 745 1282 818 d
1314 748 1406 831 etri,
1440 745 1495 818 sed
1518 749 1551 817 in
1576 745 1638 818 alia
1663 771 1784 834 curva,

264 855 401 945 propius
426 847 468 920 ed
489 843 715 938 Hyperbolum
735 842 934 929 accedente,
959 845 1076 913 evicit:
1109 844 1200 934 quod
1223 839 1347 916 Galeus
1370 845 1412 915 ab
1436 844 1635 936 experientia
1660 846 1694 916 in
1719 865 1788 917 tor·

263 948 427 1021 menteriis
454 944 564 1042 globis
590 944 687 1016 etiam
711 943 793 1013 olim
823 941 999 1037 collegerat
1032 939 1122 1038 (g).
1175 940 1214 1012 ld
1245 960 1354 1013 autem
1378 942 1482 1015 modo
1506 942 1617 1015 locum
1642 942 1784 1030 habere,

265 1043 397 1137 quando
420 1061 563 1132 corpora
579 1060 654 1110 cum
678 1041 795 1137 exigua
817 1039 980 1111 celeritate
1003 1040 1243 1132 projiciuntur,
1277 1041 1425 1112 evincere
1450 1059 1587 1113 conatus
1609 1038 1681 1112 fuit·
1695 1040 1787 1113 Ben-

261 1140 360 1236 jamin
376 1139 509 1212 Robiuu
527 1136 638 1232 (h),'
652 1135 744 1211 fimul
765 1136 907 1229 probans
932 1156 1094 1226 corpora,
1119 1158 1194 1227 quae
1214 1134 1410 1227 ,rapidilime
1431 1137 1578 1209 feruntur
1602 1139 1635 1209 in
1660 1136 1787 1222 fluido,

264 1238 386 1313 inullis
406 1235 532 1308 moveri
552 1236 636 1306 uiis:
669 1232 707 1308 δι
730 1233 934 1307 reillentiam
954 1234 1037 1303 airis
1058 1236 1230 1305 maximam
1254 1231 1319 1304 else
1342 1232 1384 1304 ad
1407 1234 1517 1330 gulam
1543 1235 1725 1320 tormenti,
1750 1253 1788 1308 ut

264 1334 385 1434 globus
405 1356 452 1425 24
473 1333 522 1405 tb.
543 1326 689 1402 excussus
713 1333 755 1404 ab
782 1329 920 1403 incensu
954 1326 1054 1401 1615
1083 1330 1224 1422 pulveris
1249 1332 1361 1422 pyrii,
1395 1329 1541 1403 offendat
1562 1329 1788 1417 reddentium,

264 1454 340 1525 quae
364 1431 492 1522 superet
515 1427 647 1524 vigesies
670 1428 801 1520 pondua
829 1426 950 1524 globi:
981 1427 1126 1501 Accedit
1150 1426 1242 1518 quod
1266 1428 1460 1499 directiones
1482 1430 1627 1524 gravium
1652 1427 1790 1500 notabili

264 1525 437 1602 interuallo
460 1523 640 1610 distantes,
664 1547 731 1599 non
748 1525 821 1599 sunt
838 1523 1027 1616 parallelo,
1051 1523 1151 1595 veluti
1175 1545 1283 1595 tamen
1309 1525 1581 1615 supponebatur,
1612 1523 1688 1597 ideo
1712 1538 1793 1616 pror·

261 1624 347 1720 jesia
370 1625 477 1722 gravia
503 1641 573 1694 non
600 1618 729 1713 posunt
756 1623 882 1696 moveri
905 1623 940 1693 in
965 1618 1144 1693 Parabola:
1176 1621 1259 1693 Sunt
1282 1640 1389 1693 autem
1415 1618 1574 1691 Parabola
1598 1616 1634 1692 δι
1658 1618 1790 1711 Ellipiis

264 1722 339 1796 duae
362 1740 466 1815 carpe
488 1716 632 1811 ejusdem
657 1722 804 1816 generis,
829 1717 1067 1811 discrepantes,
1094 1721 1169 1808 quia
1185 1721 1218 1790 in
1233 1715 1348 1810 Ellipli
1373 1714 1445 1789 sunt
1468 1715 1537 1788 duo
1560 1715 1648 1803 soci,
1673 1719 1732 1807 qui
1752 1715 1791 1789 li·

263 1821 335 1892 nito
353 1815 468 1889 distant
494 1814 691 1903 intervallo,
722 1816 854 1891 infinito
886 1819 921 1897 in
945 1816 1128 1907 parabola,
1162 1814 1314 1907 adeoque
1337 1813 1492 1906 parabola
1515 1815 1649 1888 vertitur
1672 1816 1705 1884 in
1731 1811 1792 1885 El·

264 1914 384 2008 lipiin,
419 1910 553 2004 quando
582 1910 734 1986 locorum
766 1911 914 1992 &stantia
941 1935 1011 1985 uon
1039 1911 1087 1983 eli
1117 1911 1270 1985 infinitae
1304 1905 1545 2004 &trajeiloria
1567 1909 1791 2004 projeliorum

263 2011 370 2106 potest
386 2010 507 2082 censeri
520 2028 557 2080 ut
572 2030 665 2082 arcus
680 2009 862 2103 Ellipseos‚
884 2008 983 2101 cujus·
1008 2031 1094 2081 unus
1118 2007 1213 2081 locus
1236 2008 1283 2080 est
1307 2028 1455 2080 centrum
1481 2028 1604 2094 terrae,
1636 2007 1717 2081 alter
1739 2006 1794 2079 fo·

263 2131 343 2194 cus,
368 2109 424 2198 qui
438 2114 504 2197 ‘pro
524 2105 677 2195 parabola
698 2107 929 2180 determinatus
952 2106 1023 2176 suit.
1076 2103 1227 2200 Quando
1252 2105 1406 2176 velocitas
1432 2107 1581 2197 corporis
1603 2104 1794 2178 horizonta·

262 2205 336 2293 liter
358 2202 493 2296 proieeli
514 2200 652 2276 multum
674 2203 801 2295 superet
825 2204 1034 2298 gravitatem,
1060 2196 1217 2274 &ambo
1239 2201 1306 2273 foci
1331 2201 1481 2292 ellipseos
1505 2222 1738 2275 concurrerent
1757 2203 1795 2275 in

264 2321 382 2373 centro
412 2319 531 2383 terrae,
566 2320 687 2388 corpus
720 2302 808 2369 circa
834 2318 950 2368 tetram
980 2300 1016 2367 in
1037 2298 1214 2367 rotundum
1237 2315 1441 2380 verteretur,
1472 2318 1637 2386 uunquam
1662 2303 1695 2369 in
1720 2320 1795 2370 eam

267 2395 483 2487 delapsurum.
532 2392 601 2463 Sed
630 2393 770 2462 omnino
801 2389 873 2461 sunt
899 2390 1081 2463 evolvenda
1111 2411 1185 2480 quae
1217 2389 1259 2461 de
1290 2390 1341 2458 lris
1370 2410 1389 2458 e
1413 2409 1508 2460 erunt
1539 2390 1685 2482 Jacobus
1709 2394 1794 2464 Ber·

266 2490 410 2564 noullius
442 2487 528 2584 (i).
569 2485 648 2581 Joh.
674 2478 886 2559 Bemoullius
920 2485 1009 2582 (k).
1045 2484 1253 2584 Vatignotlus
1279 2483 1365 2579 (1).
1430 2483 1538 2559 ulcrua
1563 2486 1668 2584 (m).
1700 2487 1797 2563 Dan.

268 2585 481 2663 Bemoullius
497 2582 590 2680 (n).
641 2581 774 2672 Gtayus
799 2581 892 2675 (o).

267 2703 349 2801 ?l·
375 2695 549 2776 DCCVI.
573 2695 720 2787 Oportet
751 2717 788 2768 ut
812 2700 847 2767 in
876 2713 945 2781 arte¹
975 2695 1140 2769 Ballistica
1163 2695 1399 2794 cognoscamur
1421 2699 1535 2784 vires,
1568 2717 1643 2789 quae
1667 2696 1738 2769 sunt
1759 2700 1797 2770 5¹¹
1945 2783 1947 2786 ψ
2070 2760 2102 2809 ,’

264 2802 392 2900 globis,
418 2799 476 2888 qui
497 2812 542 2864 ex
560 2793 732 2864 tormentis
754 2791 878 2865 bellicis
897 2795 1124 2864 excutiuntur:
1149 2790 1245 2865 Vires
1268 2792 1320 2864 hae
1343 2791 1496 2866 different
1517 2815 1582 2886 pro
1607 2792 1722 2885 mojori
1736 2815 1796 2866 co·

261 2902 320 2992 pia
346 2893 487 2988 pulueris
501 2891 609 2983 nitenti
632 2889 775 2961 incensi:
801 2909 853 2961 ιο.
876 2909 941 2979 pro
954 2888 1142 2980 prestantia
1164 2889 1286 2961 diversa
1311 2888 1464 2981 pulveris.
1516 2900 1566 2983 3⁰.
1590 2888 1693 2962 l’rout
1713 2890 1796 2963 den·

266 2996 328 3069 ssus
350 2988 456 3086 pulvis
477 2991 512 3059 in
540 3005 706 3099 tormetrto
729 2984 827 3095 fuerit
851 2982 1063 3094 comprellua.
1096 3005 1149 3076 4⁰.
1174 2984 1251 3096 Pro·
1265 2985 1386 3082 frigore
1409 2987 1464 3059 vel
1486 2986 1595 3073 ¹calore
1620 2989 1793 3074 tormenti,

266 3112 320 3186 ⁵⁰·
351 3110 414 3180 pro
436 3086 520 3197 varia
544 3080 731 3197 elallrcttate
752 3081 875 3154 metalli
890 3090 912 3167 ‚‘
926 3102 984 3153 aut
1009 3081 1157 3192 pondere
1188 3084 1303 3174 majori
1326 3087 1506 3168 tormenti,
1529 3102 1586 3155 aut
1607 3082 1793 3155 refillentia.

269 3189 322 3264 6⁰.
347 3183 414 3259 Pro
435 3177 599 3255 differenu
621 3179 792 3255 mumalo
816 3179 908 3279 globi
930 3180 973 3251 ab
992 3179 1124 3273 obpesto
1145 3176 1295 3251 feriendi
1343 3198 1397 3272 7⁰.
1420 3177 1488 3257 Pro
1511 3181 1598 3254 varia
1616 3182 1714 3253 Aeris
1740 3179 1797 3250 ad·

1726 3296 1799 3349 ver·

329 3443 366 3523 a)
385 3445 419 3507 ln
439 3439 591 3505 henum.
611 3437 751 3516 deraul.
775 3457 861 3518 prop.
885 3454 934 3501 aa·
954 3455 1023 3517 pag.
1048 3452 1097 3513 ις.
1119 3434 1148 3498 dt
1169 3438 1199 3499 ln
1220 3419 1421 3516 phanonem?
1441 3435 1603 3517 ballmtcta,

326 3528 358 3602 i)
386 3524 434 3585 De
456 3537 538 3583 motu
562 3518 721 3587 Proieeior.
742 3518 776 3576 Ι..
800 3533 828 3576 a.
849 3520 879 3577 lu
900 3518 1048 3594 Operibus
1069 3516 1252 3579 Geometrlc.
1327 3530 1330 3537 ’

307 3607 365 3676 (o)
387 3603 481 3662 L’Art
505 3599 541 3657 de
564 3597 655 3674 Jetter
677 3597 720 3655 len
741 3597 873 3655 humber.

258 3714 268 3751 ι,
303 3680 367 3757 (d)
388 3677 546 3745 Introdusc
569 3673 605 3735 ad
626 3676 731 3735 Veram
752 3673 855 3751 Phylic
883 3672 961 3733 Ireb
982 3674 1062 3733 xvi

306 3762 365 3833 (e)
384 3757 547 3818 Harmonia
570 3752 733 3813 Mensurar.
756 3753 785 3811 lu
806 3750 931 3828 opertu
952 3749 1078 3812 Miscell.
1100 3766 1166 3828 pag·
1189 3755 1239 3828 81.

305 3834 361 3914 (f)
384 3835 492 3899 l’bllos.
516 3834 625 3892 Natur.
648 3831 716 3890 Lib.
739 3846 768 3892 a.
795 3832 871 3895 see„
901 3845 929 3892 ι.
951 3825 980 3889 b
1001 3845 1030 3892 a.
1048 3827 1196 3909 precipue
1224 3825 1437 3893 commum
1460 3828 1500 3897 acl
1519 3829 1590 3899 bib.
1613 3843 1642 3894 a·
1662 3824 1735 3897 see.
1759 3844 1790 3896 aa

264 4016 268 4021 -
312 3907 848 4067 (g)pffgrelsslrpfd'uffrlintgc'm.
863 3991 952 4073 rr„

264 4117 269 4127 .
299 4069 370 4147 ¹(lt)
389 4068 521 4129 Treatlse
536 4067 572 4129 os
582 4071 736 4143 Gunnery.
1185 4144 1189 4149 .

303 4147 363 4223 (i)
385 4147 515 4222 Operum
535 4145 603 4206 Vol.
618 4149 641 4206 1.
658 4163 724 4222 pag.
740 4159 809 4219 ara.
824 4143 895 4208 Vol.
911 4158 941 4205 u.
956 4159 1022 4224 pag.
1038 4157 1107 4221 973.
1340 4186 1345 4195 -

307 4228 346 4298 (l
374 4227 444 4286 neta
465 4222 580 4284 Erudit.
603 4224 659 4284 uo.
688 4238 773 4298 ¹7¹⁹·
799 4239 886 4297 urar.

262 4334 266 4343 ·
308 4302 361 4380 (l)
382 4301 549 4365 vfflstoire
571 4299 607 4360 de
628 4301 745 4363 l'Acad.
768 4302 835 4379 Rop
855 4302 913 4363 Ao.
931 4295 1068 4375 arou&
1092 4315 1108 4362 1
1130 4314 1182 4374 ou.
1394 4348 1397 4353 ,
1480 4348 1495 4364 .

307 4381 376 4457 (tr)
396 4381 563 4444 Mechaulc.
585 4372 677 4442 Tem.
696 4382 720 4442 1.
741 4381 802 4460 cip
835 4389 855 4442 6
886 4377 967 4442 &lu
987 4379 1068 4441 notit
1146 4377 1268 4445 Librum
1289 4381 1325 4446 B.
1344 4377 1471 4448 ΜΝ·

309 4462 372 4537 (n)
397 4462 586 4521 Commentar
622 4459 775 4535 Petropol·
793 4461 884 4525 Tom.
905 4473 934 4527 2·
1582 4502 1590 4513 .

310 4538 369 4620 (r)
387 4538 521 4603 Treedse
542 4539 581 4601 os
597 4538 747 4616 Guunerp.

1030 4609 1146 4711 Dd3
