4282 5962
452 277 517 363 m-
613 257 1817 385 piscosiores-ravennense

451 489 614 561 corpora,
639 465 765 556 semper
787 483 863 534 eum
889 461 1004 533 iisdem
1016 459 1299 551 proprietatibus,
1326 461 1513 551 parimodo
1531 459 1567 532 dt
1585 484 1735 555 ternpore
1751 468 1786 537 in
1809 467 1923 541 iisdem
1941 493 1992 543 re·

433 556 631 665 'gionibus,
656 556 877 632 demonstrare
904 552 1050 649 videtur:
1076 556 1195 649 piantae
1213 577 1253 624 ex
1277 555 1448 630 seminibus
1472 561 1644 632 commilita
1662 562 1798 649 Terrae,
1825 588 1897 656 quaa
1913 592 1993 640 con·

453 665 514 738 stat
541 684 582 733 ex
598 658 667 731 aliis
681 655 827 729 resolutis
845 656 963 747 plantis
978 651 1036 725 snb
1055 653 1123 725 fimi
1140 653 1264 738 formai,
1289 658 1371 743 intra
1389 658 1475 726 idem
1490 677 1638 750 tempus,
1664 661 1705 729 ad
1718 664 1853 734 eandem
1869 668 1993 762 magni·

454 762 622 842 tudinem,
649 752 916 845 soliditatemque
932 774 1021 824 nunc
1041 750 1187 823 crescunt
1209 773 1247 821 ac
1267 752 1365 823 olim:
1392 754 1413 823 ii
1431 775 1509 826 vero
1525 777 1632 846 partes
1642 762 1818 829 nutrientes
1832 785 1919 833 nune
1931 764 1993 833 de·

455 861 523 929 cies
553 855 680 925 tenuius
706 850 813 923 forent
840 850 931 922 sesiae
951 870 1048 943 quam
1064 869 1160 933 ante,
1186 848 1258 938 plus
1278 855 1455 944 temporis,
1481 875 1548 943 quo
1567 854 1765 940 crescerent,
1790 857 1992 948 elaberetur,

454 952 516 1025 alia
547 953 684 1044 partium
710 947 836 1034 forma,
869 949 1022 1040 firmitas,
1058 943 1212 1018 &virtus
1235 947 1413 1039 plantarum
1436 948 1537 1022 soret:
1563 954 1707 1040 capiatur
1735 957 1821 1025 enirn
1853 979 1994 1028 marmor

348 1112 352 1121 .
457 1051 580 1123 ruditer
605 1048 760 1134 friatum,
784 1047 871 1118 aliud
886 1047 1033 1128 tenuius,
1060 1045 1189 1117 tertium
1205 1043 1241 1115 srt
1269 1046 1669 1143 tenuiilrmnm,.aequaies
1684 1049 1800 1121 horum
1822 1054 1991 1143 pulverum

457 1149 564 1239 copiae
591 1168 665 1218 cum
692 1142 794 1238 duplo
817 1144 963 1237 pondere
983 1139 1272 1235 liquefasiaeecrae
1297 1142 1437 1215 seorsum
1461 1142 1671 1231 misceantur,
1695 1147 1850 1220 indurata
1871 1148 1992 1244 siigore

459 1266 522 1316 tres
552 1236 657 1316 rnass‘ae
682 1244 840 1317 sinnitatis
866 1237 994 1327 diverse
1016 1259 1124 1316 erunt:
1149 1235 1312 1311 facillim'e'
1330 1241 1505 1337 frangitur,
1530 1264 1603 1333 quae
1624 1266 1766 1315 marmor
1780 1245 1993 1325 crasiiilinrum

457 1342 701 1433 compleeiirur:
728 1339 858 1432 majoris
887 1337 1044 1409 firmitatis
1065 1337 1111 1407 est
1135 1335 1250 1423 massa,
1275 1343 1328 1409 cui
1350 1362 1491 1411 mmmor
1510 1341 1626 1410 mediae
1649 1340 1856 1414 eraffitudinis
1876 1344 1920 1413 eii
1936 1346 1992 1416 ad·

458 1444 615 1512 mixtum:
642 1439 810 1510 srrmiiirma
832 1435 935 1506 estex
959 1456 1119 1507 marmore
1137 1432 1332 1508 tenuissimo:
1359 1459 1471 1527 nonne
1488 1437 1575 1508 idem
1591 1438 1626 1509 in
1639 1445 1883 1535 regeneratione
1900 1442 1992 1532 plan·

462 1559 566 1609 tarum
589 1537 783 1618 discrimen,
809 1530 844 1611 ,bt
870 1532 1006 1623 proinde
1031 1530 1157 1604 infinite
1180 1531 1338 1606 diversum
1360 1536 1508 1606 daretur?
1534 1535 1628 1625 quale
1653 1538 1934 1609 nonobservatur:
1959 1538 1990 1610 l-

460 1636 535 1707 dem
559 1637 720 1705 obtineret
735 1637 767 1702 in
790 1631 995 1701 Animalibus
1011 1625 1047 1700 &
1065 1628 1251 1703 Foffilibus:
1277 1654 1387 1703 verum
1404 1632 1480 1703 huic
1495 1632 1668 1705 discrimini
1684 1635 1998 1727 adversaturexperi·

457 1736 556 1805 entia.
588 1733 621 1803 Si
642 1731 682 1801 sai
708 1727 892 1800 distabescat
919 1730 951 1798 in
972 1728 1159 1811 menstruo,
1180 1731 1307 1817 ,redibit
1330 1729 1417 1800 idem
1440 1728 1481 1798 sai
1505 1728 1665 1800 exsiccato
1689 1728 1889 1820 aliquantiun
1904 1732 1998 1807 menss

457 1828 565 1901 struo:
585 1830 613 1897 -sr
640 1827 679 1897 sai
696 1849 762 1897 arte
784 1828 928 1921 chemica
945 1829 978 1895 in
1005 1824 1147 1916 spiritum
1161 1826 1311 1911 acidum,
1336 1829 1434 1896 autin
1455 1825 1545 1896 aleali
1569 1825 1758 1901 conversum
1777 1831 1834 1913 fit,
1858 1850 1995 1926 regene-

457 1929 584 1999 ratione
603 1929 800 1997 convertitur
815 1924 984 2001 redeundo
999 1926 1031 1993 in
1046 1925 1132 1995 idem
1149 1923 1207 1993 sai:
1221 1929 1407 2015 propterea
1424 1922 1686 1995 concludendum
1699 1918 1719 2008 ,³
1736 1921 1805 1993 latiis
1820 1928 1994 2015 particulas

458 2019 688 2119 tantummodo
721 2027 752 2093 in
780 2024 1023 2093 determinatam
1049 2041 1151 2112 usque
1175 2023 1384 2112 parvitatem,
1411 2043 1615 2117 nequaquam
1626 2024 1661 2092 in
1682 2022 1866 2108 minimam,
1891 2025 1996 2097 multo

457 2125 610 2195 minusin
629 2116 785 2195 infinitam
798 2119 890 2191 suiiie
914 2118 1038 2190 divisas.
1767 2157 1770 2161 >

508 2235 538 2334 ᾗ.
565 2236 674 2308 LXil.
702 2236 821 2326 Neque
844 2234 909 2304 ulia
935 2257 1020 2305 novo
1034 2255 1268 2330 generarerum
1285 2235 1512 2319 observantur,
1536 2234 1589 2305 sed
1609 2234 1734 2326 semper
1747 2230 1860 2302 eadem
1875 2234 1997 2302 anima·

458 2335 560 2418 lium,
593 2335 792 2426 plantarum,
825 2331 993 2415 foiiiiium,
1029 2352 1104 2403 cunr
1132 2335 1286 2402 omnibus
1308 2333 1559 2423 proprietatibus
1584 2328 1618 2402 ds
1643 2328 1877 2401 charaderibus
1908 2350 1998 2404 nunc

458 2452 676 2529 generantur,
701 2453 739 2499 ac
750 2448 825 2497 ante
838 2447 996 2495 centenos
1010 2449 1138 2511 annosa
1165 2429 1380 2515 quamobrem
1396 2448 1471 2516 quae
1489 2427 1689 2494 resolvuntur
1704 2444 1862 2513 corpora,
1888 2421 1924 2492 ἃ
1941 2445 2002 2493 nu·

459 2535 648 2601 trimentum
681 2526 817 2594 aliorum
842 2525 1002 2604 evadunt,
1029 2545 1096 2591 non
1125 2525 1159 2589 in
1175 2522 1299 2588 infinite
1315 2543 1426 2608 parvas
1442 2518 1786 2606 partesdiiiolventur:
1811 2539 1852 2588 ex
1868 2519 2002 2590 hii'cee·

459 2629 553 2707 nim,
579 2625 670 2692 vario
699 2618 851 2685 acervatis
866 2616 990 2696 modo,
1028 2617 1189 2681 orirentur
1201 2613 1377 2681 admodum
1395 2613 1507 2682 diversa
1525 2614 1658 2682 ordines
1673 2616 1898 2702 particularum
1917 2667 1928 2701 ,
1953 2635 2002 2688 at·

460 2742 527 2810 que
548 2739 588 2786 ev
612 2716 661 2782 his
687 2732 792 2800 partes
820 2708 958 2797 majores
981 2704 1211 2789 diveriillrmae,
1237 2729 1311 2796 quae
1334 2731 1402 2778 non
1424 2706 1554 2799 pollent
1576 2731 1667 2790 non,
1693 2711 1724 2776 in
1744 2710 1850 2779 moles
1863 2713 2000 2806 majores

459 2809 723 2889 concrescendo,
750 2824 889 2892 corpora
904 2824 1007 2885 nova,
1033 2797 1069 2871 ἃ
1083 2822 1160 2871 cum
1176 2800 1386 2874 diverssilrmis
1401 2807 1653 2894 proprietatibus
1667 2806 1861 2895 producere.

464 2972 468 2981 .
512 2919 543 3017 §.
569 2916 695 2988 LXlll.
723 2914 999 3008 igniseiementa,
1025 2911 1330 3011 quaesuntminima
1353 2912 1419 2986 huc
1434 2915 1535 3007 usque
1548 2919 1680 3011 cognita
1696 2922 1909 3009 corpuscula,
1925 2926 2001 3015 pos·

462 3019 534 3093 sunt
556 3015 688 3108 quidem
713 3010 882 3083 dissolvere
904 3013 1015 3081 omnia
1037 3031 1177 3101 corpora
1194 3030 1310 3107 magna
1325 3062 1336 3094 ,
1350 3010 1417 3080 sed
1434 3004 1502 3081 non
1519 3013 1643 3081 infinite
1665 3065 1676 3093 ,
1701 3014 1808 3086 fumus
1827 3023 1939 3103 enim,
1964 3027 1998 3093 in

462 3136 562 3208 quern
586 3112 772 3193 tabescunt,
797 3107 993 3199 conspicuus
1018 3107 1084 3184 est,
1109 3112 1206 3204 etiam
1229 3109 1322 3179 nulio
1345 3107 1448 3177 modo
1469 3128 1616 3197 unquam
1633 3109 1700 3199 ipsa
1724 3110 1812 3205 ignis
1837 3115 1999 3190 elementa

463 3234 585 3289 mutata
611 3226 828 3298 apparuerunt
848 3207 881 3275 in
907 3202 997 3273 aliud
1019 3224 1123 3298 genus
1146 3225 1323 3295 corporum
1346 3204 1500 3275 conversa
1523 3255 1533 3287 ,
1565 3224 1620 3272 aut
1641 3205 1765 3290 divisa,
1806 3224 1999 3285 tenuatave:

462 3310 615 3397 Aerem,
639 3322 696 3373 aut
715 3303 847 3392 Aquam
870 3320 985 3393 puram
1002 3320 1102 3372 nemo
1123 3322 1322 3395 quocunque
1342 3298 1669 3396 artifieio‘hucusque
1681 3304 1819 3399 cognito
1835 3325 2001 3382 attenuare

490 3424 583 3476 oturt.

438 3429 488 3565 ‚p
514 3502 547 3592 §.
578 3495 702 3570 LXIV.
730 3498 818 3593 ignis
830 3497 1145 3585 vehementiffimus,
1169 3519 1235 3573 tam
1248 3500 1421 3594 artificialis
1438 3498 1613 3582 terrestris,
1639 3521 1736 3590 quarn
1750 3500 1846 3590 solis,
1872 3509 1906 3576 in
1923 3503 2001 3577 soco

465 3599 577 3676 ustorii
599 3596 719 3689 speculi
739 3596 915 3683 collesios,
942 3598 1059 3688 quiesi
1074 3597 1216 3686 summus
1231 3596 1401 3669 confessor
1417 3593 1453 3666 &
1470 3597 1659 3668 consumtor
1674 3603 1847 3686 omnium,
1881 3598 2002 3695 sequi,

432 3768 435 3773 ,
464 3717 668 3791 quoeunque
690 3694 818 3778 invasit,
843 3697 960 3767 cunda
974 3695 1128 3767 disturbat
1152 3717 1190 3766 ae
1211 3693 1362 3786 diibpat,
1397 3714 1521 3765 tantum
1543 3715 1685 3783 corpora
1708 3716 1812 3785 usque
1835 3703 1868 3768 in
1893 3700 2003 3771 linitos

464 3797 630 3869 tenuitatis
645 3794 799 3863 terminos
813 3791 987 3872 reducere,
1011 3814 1079 3863 non
1095 3791 1219 3863 infinite
1235 3792 1378 3863 dividere
1394 3791 1519 3880 potuit!
1537 3790 1784 3880 Aurum‚quod
1803 3804 1915 3882 pru'nae
1930 3800 2001 3865 vio·

464 3891 643 3966 lentiiilmae
659 3893 725 3985 igni
743 3890 960 3971 indomitum,
986 3911 1004 3956 a
1021 3889 1095 3956 solis
1112 3889 1214 3959 radiis.
1225 3890 1327 3959 modo
1350 3891 1382 3960 in
1398 3887 1522 3957 sumum
1537 3886 1690 3970 denium,
1714 3888 1949 3980 conspicuum,
1967 3888 2003 3964 δι

463 3991 502 4069 in
521 3994 636 4060 vitrum
652 3987 850 4055 immutabile
869 4005 1068 4074 purpureum
1084 3990 1308 4057 convertitur:
1334 3983 1515 4075 ssmilesque
1539 3981 1773 4055 determinatos
1792 3984 1928 4062 effesius
1954 4011 2002 4063 at·

468 4087 663 4163 tenuationis
683 4085 716 4153 in
730 4082 852 4170 reliqua
876 4101 1017 4169 corpora
1036 4083 1120 4175 ignis
1135 4081 1209 4153 solis
1223 4103 1364 4156 exercet.

518 4177 538 4273 s
577 4178 684 4255 LXV.
711 4178 848 4249 Attritus
872 4198 1050 4268 corporum
1076 4200 1182 4268 partes
1211 4203 1342 4277 magnas
1364 4179 1538 4259 visibilesa
1562 4180 1706 4273 partibus
1731 4204 1903 4269 removet,
1933 4207 2003 4258 non

469 4298 578 4350 tamen
593 4298 646 4347 eas
663 4296 806 4347 attenuat
821 4295 924 4366 usque
940 4277 973 4345 in
991 4273 1203 4347 insensibilem
1219 4283 1426 4370 parvitatem:
1454 4281 1500 4348 uti
1512 4299 1555 4349 ex
1569 4281 1745 4379 pigmentis
1760 4284 1844 4353 inter
1858 4283 2002 4372 porphy-

468 4379 546 4448 ritas
566 4371 733 4444 diutiibme
751 4375 855 4448 tritis:
880 4394 922 4445 ex
942 4373 1080 4445 metaliis
1090 4373 1245 4451 diuturno
1266 4379 1374 4448 attritu
1395 4379 1429 4448 in
1452 4396 1569 4465 aquam
1590 4377 1778 4467 conversas,
1811 4378 2003 4453 fimilibusve
2035 4380 2045 4397 ”

473 4471 543 4546 aliis
564 4469 756 4559 corporibus
768 4468 903 4540 constat.

520 4568 555 4666 s.
578 4562 707 4642 LXVI.
732 4563 850 4641 Omnis
863 4569 964 4667 igitur
980 4566 1121 4659 diviso,
1151 4594 1230 4666 quae
1254 4575 1289 4647 ia
1310 4573 1504 4668 corporibus
1519 4571 1694 4667 majoribus
1707 4576 1889 4673 contingi,
1914 4574 2003 4664 sepa·

1954 4689 2004 4745 rar
