<?xml version="1.0" encoding="UTF-8"?>
<!DOCTYPE html PUBLIC "-//W3C//DTD XHTML 1.0 Transitional//EN"
    "http://www.w3.org/TR/xhtml1/DTD/xhtml1-transitional.dtd">
<html xmlns="http://www.w3.org/1999/xhtml" xml:lang="en" lang="en">
 <head>
  <title>
</title>
<meta http-equiv="Content-Type" content="text/html;charset=utf-8" />
  <meta name='ocr-system' content='tesseract 3.04.00' />
  <meta name='ocr-capabilities' content='ocr_page ocr_carea ocr_par ocr_line ocrx_word'/>
</head>
<body>
  <div class='ocr_page' id='page_1' title='image "./introductioadph01lulogoog_0183.png"; bbox 0 0 4538 6072; ppageno 0'>
   <div class='ocr_carea' id='block_1_1' title="bbox 555 273 1765 450">
    <p class='ocr_par' dir='ltr' id='par_1_1' title="bbox 555 273 1765 450">
     <span class='ocr_line' id='line_1_1' title="bbox 555 273 1765 450; baseline -0.006 -44"><span class='ocrx_word' id='word_1_1' title='bbox 555 273 638 438; x_wconf 40' lang='lat'><strong>&#39;1⁵⁶</strong></span> <span class='ocrx_word' id='word_1_2' title='bbox 904 307 1040 406; x_wconf 79' lang='lat' dir='ltr'><strong>os</strong></span> <span class='ocrx_word' id='word_1_3' title='bbox 1149 302 1765 450; x_wconf 76' lang='lat' dir='ltr'><strong>nutatruz</strong></span> 
     </span>
    </p>
   </div>
   <div class='ocr_carea' id='block_1_2' title="bbox 550 494 2083 1770">
    <p class='ocr_par' dir='ltr' id='par_1_2' title="bbox 553 494 2078 991">
     <span class='ocr_line' id='line_1_2' title="bbox 555 494 2075 610; baseline -0.005 -18"><span class='ocrx_word' id='word_1_4' title='bbox 555 538 647 592; x_wconf 87' lang='lat' dir='ltr'><strong>erant</strong></span> <span class='ocrx_word' id='word_1_5' title='bbox 669 520 715 590; x_wconf 92' lang='lat' dir='ltr'><strong>uti</strong></span> <span class='ocrx_word' id='word_1_6' title='bbox 739 541 785 610; x_wconf 90' lang='lat'><strong>4,</strong></span> <span class='ocrx_word' id='word_1_7' title='bbox 815 516 939 603; x_wconf 76' lang='grc'><strong>6,.7,</strong></span> <span class='ocrx_word' id='word_1_8' title='bbox 973 507 1016 590; x_wconf 70' lang='lat'><strong>82</strong></span> <span class='ocrx_word' id='word_1_9' title='bbox 1055 525 1109 576; x_wconf 85' lang='lat'><strong>10·</strong></span> <span class='ocrx_word' id='word_1_10' title='bbox 1133 501 1341 584; x_wconf 82' lang='lat' dir='ltr'><strong>suitatttitus</strong></span> <span class='ocrx_word' id='word_1_11' title='bbox 1364 500 1412 572; x_wconf 89' lang='lat' dir='ltr'><strong>uti</strong></span> <span class='ocrx_word' id='word_1_12' title='bbox 1441 520 1479 586; x_wconf 90' lang='lat'><strong>1,</strong></span> <span class='ocrx_word' id='word_1_13' title='bbox 1511 494 1575 584; x_wconf 73' lang='lat' dir='ltr'><strong>12¹·s</strong></span> <span class='ocrx_word' id='word_1_14' title='bbox 1611 521 1654 584; x_wconf 60' lang='grc' dir='ltr'><strong>Ξ,</strong></span> <span class='ocrx_word' id='word_1_15' title='bbox 1687 517 1732 591; x_wconf 70' lang='lat' dir='ltr'><strong>a»</strong></span> <span class='ocrx_word' id='word_1_16' title='bbox 1766 526 1800 593; x_wconf 87' lang='lat'><strong>4·</strong></span> <span class='ocrx_word' id='word_1_17' title='bbox 1833 503 1965 596; x_wconf 81' lang='lat' dir='ltr'><strong>quando</strong></span> <span class='ocrx_word' id='word_1_18' title='bbox 1988 525 2075 584; x_wconf 86' lang='lat' dir='ltr'><strong>erant</strong></span> 
     </span>
     <span class='ocr_line' id='line_1_3' title="bbox 558 589 2078 699; baseline -0.013 -10"><span class='ocrx_word' id='word_1_19' title='bbox 558 616 746 689; x_wconf 84' lang='lat' dir='ltr'>velocitates</span> <span class='ocrx_word' id='word_1_20' title='bbox 766 617 799 682; x_wconf 89' lang='lat' dir='ltr'><strong>in</strong></span> <span class='ocrx_word' id='word_1_21' title='bbox 817 611 935 699; x_wconf 91' lang='lat' dir='ltr'><strong>Cupro</strong></span> <span class='ocrx_word' id='word_1_22' title='bbox 950 606 1037 676; x_wconf 86' lang='lat' dir='ltr'><strong>ficco</strong></span> <span class='ocrx_word' id='word_1_23' title='bbox 1062 601 1186 693; x_wconf 43' lang='lat'>1333,</span> <span class='ocrx_word' id='word_1_24' title='bbox 1205 618 1248 692; x_wconf 77' lang='lat'><strong>5,</strong></span> <span class='ocrx_word' id='word_1_25' title='bbox 1274 617 1321 692; x_wconf 85' lang='lat'><strong>7,</strong></span> <span class='ocrx_word' id='word_1_26' title='bbox 1348 597 1381 669; x_wconf 87' lang='lat'><strong>8.</strong></span> <span class='ocrx_word' id='word_1_27' title='bbox 1406 595 1618 668; x_wconf 83' lang='lat' dir='ltr'><strong>Attritussuit</strong></span> <span class='ocrx_word' id='word_1_28' title='bbox 1636 619 1673 684; x_wconf 85' lang='lat' dir='ltr'><strong>t,</strong></span> <span class='ocrx_word' id='word_1_29' title='bbox 1702 589 1771 682; x_wconf 65' lang='grc' dir='ltr'><strong>ιζ,</strong></span> <span class='ocrx_word' id='word_1_30' title='bbox 1792 623 1835 685; x_wconf 84' lang='lat' dir='ltr'><strong>a,</strong></span> <span class='ocrx_word' id='word_1_31' title='bbox 1862 623 1905 694; x_wconf 82' lang='lat'><strong>3,</strong></span> <span class='ocrx_word' id='word_1_32' title='bbox 1930 626 1964 694; x_wconf 90' lang='lat'><strong>4.</strong></span> <span class='ocrx_word' id='word_1_33' title='bbox 1989 603 2078 682; x_wconf 58' lang='lat' dir='ltr'><strong>Cum,</strong></span> 
     </span>
     <span class='ocr_line' id='line_1_4' title="bbox 555 695 2074 794; baseline -0.005 -12"><span class='ocrx_word' id='word_1_34' title='bbox 555 711 710 785; x_wconf 86' lang='lat' dir='ltr'><strong>velocitas</strong></span> <span class='ocrx_word' id='word_1_35' title='bbox 729 727 797 778; x_wconf 89' lang='lat' dir='ltr'><strong>etat</strong></span> <span class='ocrx_word' id='word_1_36' title='bbox 819 707 957 776; x_wconf 75' lang='lat' dir='ltr'><strong>marimo</strong></span> <span class='ocrx_word' id='word_1_37' title='bbox 984 705 1018 772; x_wconf 90' lang='lat' dir='ltr'><strong>in</strong></span> <span class='ocrx_word' id='word_1_38' title='bbox 1039 699 1095 770; x_wconf 86' lang='lat' dir='ltr'><strong>stis·</strong></span> <span class='ocrx_word' id='word_1_39' title='bbox 1108 697 1338 790; x_wconf 85' lang='lat' dir='ltr'><strong>experimentis</strong></span> <span class='ocrx_word' id='word_1_40' title='bbox 1360 695 1422 768; x_wconf 86' lang='lat' dir='ltr'><strong>live</strong></span> <span class='ocrx_word' id='word_1_41' title='bbox 1447 695 1580 784; x_wconf 84' lang='lat' dir='ltr'><strong>aequalis</strong></span> <span class='ocrx_word' id='word_1_42' title='bbox 1608 717 1681 779; x_wconf 87' lang='lat' dir='ltr'><strong>to,</strong></span> <span class='ocrx_word' id='word_1_43' title='bbox 1713 696 1834 770; x_wconf 84' lang='lat' dir='ltr'><strong>fiebant</strong></span> <span class='ocrx_word' id='word_1_44' title='bbox 1867 720 1926 794; x_wconf 76' lang='lat'><strong>⁹5·</strong></span> <span class='ocrx_word' id='word_1_45' title='bbox 1951 703 2074 774; x_wconf 86' lang='lat' dir='ltr'><strong>revolu-</strong></span> 
     </span>
     <span class='ocr_line' id='line_1_5' title="bbox 556 789 2075 889; baseline -0.003 -12"><span class='ocrx_word' id='word_1_46' title='bbox 556 812 662 880; x_wconf 79' lang='lat' dir='ltr'><strong>tiones</strong></span> <span class='ocrx_word' id='word_1_47' title='bbox 676 825 775 874; x_wconf 83' lang='lat' dir='ltr'><strong>axeos</strong></span> <span class='ocrx_word' id='word_1_48' title='bbox 798 799 878 872; x_wconf 93' lang='lat' dir='ltr'><strong>DD</strong></span> <span class='ocrx_word' id='word_1_49' title='bbox 895 803 977 872; x_wconf 90' lang='lat' dir='ltr'><strong>int&#39;ra</strong></span> <span class='ocrx_word' id='word_1_50' title='bbox 996 819 1124 889; x_wconf 88' lang='lat' dir='ltr'><strong>tempus</strong></span> <span class='ocrx_word' id='word_1_51' title='bbox 1152 793 1224 878; x_wconf 64' lang='lat' dir='ltr'><strong>etri*</strong></span> <span class='ocrx_word' id='word_1_52' title='bbox 1243 789 1279 864; x_wconf 76' lang='grc' dir='ltr'><strong>δι</strong></span> <span class='ocrx_word' id='word_1_53' title='bbox 1298 789 1416 884; x_wconf 68' lang='lat' dir='ltr'><strong>24m⁸*.</strong></span> <span class='ocrx_word' id='word_1_54' title='bbox 1442 791 1568 862; x_wconf 77' lang='lat' dir='ltr'><strong>attritus</strong></span> <span class='ocrx_word' id='word_1_55' title='bbox 1592 795 1648 886; x_wconf 90' lang='lat' dir='ltr'><strong>qui</strong></span> <span class='ocrx_word' id='word_1_56' title='bbox 1672 796 1806 885; x_wconf 90' lang='lat' dir='ltr'><strong>ponitur</strong></span> <span class='ocrx_word' id='word_1_57' title='bbox 1830 798 1964 888; x_wconf 81' lang='lat' dir='ltr'><strong>aequalis</strong></span> <span class='ocrx_word' id='word_1_58' title='bbox 1986 821 2015 870; x_wconf 89' lang='lat' dir='ltr'><strong>r.</strong></span> <span class='ocrx_word' id='word_1_59' title='bbox 2031 800 2075 873; x_wconf 79' lang='lat' dir='ltr'><strong>eli</strong></span> 
     </span>
     <span class='ocr_line' id='line_1_6' title="bbox 553 893 1485 991; baseline -0.016 -17"><span class='ocrx_word' id='word_1_60' title='bbox 553 905 594 974; x_wconf 90' lang='lat' dir='ltr'><strong>ad</strong></span> <span class='ocrx_word' id='word_1_61' title='bbox 614 902 743 991; x_wconf 88' lang='lat' dir='ltr'><strong>pondus</strong></span> <span class='ocrx_word' id='word_1_62' title='bbox 770 918 898 972; x_wconf 92' lang='lat' dir='ltr'><strong>motum</strong></span> <span class='ocrx_word' id='word_1_63' title='bbox 922 900 970 968; x_wconf 90' lang='lat' dir='ltr'><strong>uti</strong></span> <span class='ocrx_word' id='word_1_64' title='bbox 997 897 1040 966; x_wconf 91' lang='lat'><strong>16</strong></span> <span class='ocrx_word' id='word_1_65' title='bbox 1060 893 1103 966; x_wconf 85' lang='lat' dir='ltr'><strong>ad</strong></span> <span class='ocrx_word' id='word_1_66' title='bbox 1123 914 1185 988; x_wconf 81' lang='lat'><strong>95.</strong></span> <span class='ocrx_word' id='word_1_67' title='bbox 1480 909 1485 918; x_wconf 92' lang='lat'><em>·</em></span> 
     </span>
    </p>

    <p class='ocr_par' dir='ltr' id='par_1_3' title="bbox 550 981 2083 1770">
     <span class='ocr_line' id='line_1_7' title="bbox 603 981 2079 1088; baseline 0.001 -22"><span class='ocrx_word' id='word_1_68' title='bbox 603 997 640 1067; x_wconf 91' lang='lat' dir='ltr'><strong>ln</strong></span> <span class='ocrx_word' id='word_1_69' title='bbox 660 997 746 1068; x_wconf 87' lang='lat' dir='ltr'><strong>bisce</strong></span> <span class='ocrx_word' id='word_1_70' title='bbox 767 996 996 1088; x_wconf 79' lang='lat' dir='ltr'><strong>experimentis</strong></span> <span class='ocrx_word' id='word_1_71' title='bbox 1026 989 1134 1063; x_wconf 82' lang='lat' dir='ltr'><strong>tamen</strong></span> <span class='ocrx_word' id='word_1_72' title='bbox 1156 988 1236 1062; x_wconf 84' lang='lat' dir='ltr'><strong>milti</strong></span> <span class='ocrx_word' id='word_1_73' title='bbox 1259 1009 1328 1058; x_wconf 89' lang='lat' dir='ltr'><strong>non</strong></span> <span class='ocrx_word' id='word_1_74' title='bbox 1344 986 1443 1077; x_wconf 90' lang='lat' dir='ltr'><strong>plane</strong></span> <span class='ocrx_word' id='word_1_75' title='bbox 1459 981 1612 1057; x_wconf 80' lang='lat' dir='ltr'><strong>satisfeci:</strong></span> <span class='ocrx_word' id='word_1_76' title='bbox 1637 1009 1706 1079; x_wconf 91' lang='lat' dir='ltr'><strong>quo</strong></span> <span class='ocrx_word' id='word_1_77' title='bbox 1722 1009 1876 1084; x_wconf 84' lang='lat' dir='ltr'><strong>tempore</strong></span> <span class='ocrx_word' id='word_1_78' title='bbox 1885 995 2079 1085; x_wconf 78' lang='lat' dir='ltr'><strong>capiebam,</strong></span> 
     </span>
     <span class='ocr_line' id='line_1_8' title="bbox 552 1081 2079 1188; baseline -0.005 -22"><span class='ocrx_word' id='word_1_79' title='bbox 552 1094 620 1166; x_wconf 90' lang='lat' dir='ltr'><strong>sere</strong></span> <span class='ocrx_word' id='word_1_80' title='bbox 647 1095 727 1165; x_wconf 89' lang='lat' dir='ltr'><strong>nibil</strong></span> <span class='ocrx_word' id='word_1_81' title='bbox 756 1099 944 1166; x_wconf 86' lang='lat' dir='ltr'><strong>innotuerat</strong></span> <span class='ocrx_word' id='word_1_82' title='bbox 975 1087 1181 1177; x_wconf 87' lang='lat' dir='ltr'><strong>Philosopbis</strong></span> <span class='ocrx_word' id='word_1_83' title='bbox 1208 1086 1250 1158; x_wconf 89' lang='lat' dir='ltr'><strong>de</strong></span> <span class='ocrx_word' id='word_1_84' title='bbox 1281 1081 1478 1154; x_wconf 84' lang='lat' dir='ltr'><strong>Mechanica</strong></span> <span class='ocrx_word' id='word_1_85' title='bbox 1514 1081 1658 1168; x_wconf 85' lang='lat' dir='ltr'><strong>Motus,</strong></span> <span class='ocrx_word' id='word_1_86' title='bbox 1692 1104 1765 1188; x_wconf 84' lang='lat' dir='ltr'><strong>quae</strong></span> <span class='ocrx_word' id='word_1_87' title='bbox 1790 1091 1928 1160; x_wconf 87' lang='lat' dir='ltr'><strong>omnino</strong></span> <span class='ocrx_word' id='word_1_88' title='bbox 1953 1091 2007 1164; x_wconf 86' lang='lat' dir='ltr'><strong>ltic</strong></span> <span class='ocrx_word' id='word_1_89' title='bbox 2031 1095 2079 1165; x_wconf 85' lang='lat' dir='ltr'><strong>est</strong></span> 
     </span>
     <span class='ocr_line' id='line_1_9' title="bbox 552 1181 2078 1282; baseline -0.003 -20"><span class='ocrx_word' id='word_1_90' title='bbox 552 1191 799 1264; x_wconf 80' lang='lat' dir='ltr'><strong>consideranda:</strong></span> <span class='ocrx_word' id='word_1_91' title='bbox 826 1211 983 1282; x_wconf 82' lang='lat' dir='ltr'><strong>praettrta</strong></span> <span class='ocrx_word' id='word_1_92' title='bbox 1004 1208 1096 1262; x_wconf 77' lang='lat' dir='ltr'><strong>ector</strong></span> <span class='ocrx_word' id='word_1_93' title='bbox 1113 1183 1210 1256; x_wconf 79' lang='lat' dir='ltr'><strong>facile</strong></span> <span class='ocrx_word' id='word_1_94' title='bbox 1226 1183 1511 1254; x_wconf 77' lang='lat' dir='ltr'><strong>committitur-in</strong></span> <span class='ocrx_word' id='word_1_95' title='bbox 1534 1183 1584 1252; x_wconf 87' lang='lat' dir='ltr'><strong>via</strong></span> <span class='ocrx_word' id='word_1_96' title='bbox 1610 1181 1778 1274; x_wconf 65' lang='lat' dir='ltr'><strong>percuss,</strong></span> <span class='ocrx_word' id='word_1_97' title='bbox 1803 1186 1936 1278; x_wconf 89' lang='lat' dir='ltr'><strong>quando</strong></span> <span class='ocrx_word' id='word_1_98' title='bbox 1961 1211 2078 1279; x_wconf 85' lang='lat' dir='ltr'><strong>praera-</strong></span> 
     </span>
     <span class='ocr_line' id='line_1_10' title="bbox 553 1280 2081 1382; baseline 0.001 -24"><span class='ocrx_word' id='word_1_99' title='bbox 553 1290 630 1382; x_wconf 85' lang='lat' dir='ltr'><strong>pida</strong></span> <span class='ocrx_word' id='word_1_100' title='bbox 653 1290 817 1360; x_wconf 85' lang='lat' dir='ltr'><strong>celeritate</strong></span> <span class='ocrx_word' id='word_1_101' title='bbox 845 1309 966 1379; x_wconf 90' lang='lat' dir='ltr'><strong>corpus</strong></span> <span class='ocrx_word' id='word_1_102' title='bbox 993 1301 1177 1368; x_wconf 89' lang='lat' dir='ltr'><strong>movetur,</strong></span> <span class='ocrx_word' id='word_1_103' title='bbox 1203 1300 1273 1352; x_wconf 92' lang='lat' dir='ltr'><strong>tum</strong></span> <span class='ocrx_word' id='word_1_104' title='bbox 1297 1283 1331 1352; x_wconf 91' lang='lat' dir='ltr'><strong>in</strong></span> <span class='ocrx_word' id='word_1_105' title='bbox 1356 1280 1504 1369; x_wconf 88' lang='lat' dir='ltr'><strong>potentia</strong></span> <span class='ocrx_word' id='word_1_106' title='bbox 1529 1299 1709 1362; x_wconf 83' lang='lat' dir='ltr'><strong>mouente,</strong></span> <span class='ocrx_word' id='word_1_107' title='bbox 1734 1306 1809 1374; x_wconf 84' lang='lat' dir='ltr'><strong>quae</strong></span> <span class='ocrx_word' id='word_1_108' title='bbox 1832 1283 1885 1354; x_wconf 90' lang='lat' dir='ltr'><strong>vel</strong></span> <span class='ocrx_word' id='word_1_109' title='bbox 1909 1285 1955 1356; x_wconf 87' lang='lat' dir='ltr'><strong>est</strong></span> <span class='ocrx_word' id='word_1_110' title='bbox 1981 1291 2081 1360; x_wconf 87' lang='lat' dir='ltr'><strong>clatet</strong></span> 
     </span>
     <span class='ocr_line' id='line_1_11' title="bbox 552 1371 2082 1484; baseline -0.001 -26"><span class='ocrx_word' id='word_1_111' title='bbox 552 1389 663 1482; x_wconf 87' lang='lat' dir='ltr'><strong>magni</strong></span> <span class='ocrx_word' id='word_1_112' title='bbox 689 1387 855 1484; x_wconf 80' lang='lat' dir='ltr'><strong>horologii</strong></span> <span class='ocrx_word' id='word_1_113' title='bbox 878 1383 1051 1465; x_wconf 83' lang='lat' dir='ltr'><strong>tabularii,</strong></span> <span class='ocrx_word' id='word_1_114' title='bbox 1082 1379 1136 1451; x_wconf 87' lang='lat' dir='ltr'><strong>vel</strong></span> <span class='ocrx_word' id='word_1_115' title='bbox 1151 1377 1293 1471; x_wconf 84' lang='lat' dir='ltr'><strong>pondus</strong></span> <span class='ocrx_word' id='word_1_116' title='bbox 1319 1375 1518 1448; x_wconf 80' lang='lat' dir='ltr'><strong>descendens</strong></span> <span class='ocrx_word' id='word_1_117' title='bbox 1551 1371 1587 1445; x_wconf 89' lang='lat'>&amp;</span> <span class='ocrx_word' id='word_1_118' title='bbox 1611 1377 1784 1467; x_wconf 84' lang='lat' dir='ltr'><strong>volubile,</strong></span> <span class='ocrx_word' id='word_1_119' title='bbox 1815 1380 1870 1451; x_wconf 89' lang='lat' dir='ltr'><strong>sed</strong></span> <span class='ocrx_word' id='word_1_120' title='bbox 1893 1405 2022 1456; x_wconf 88' lang='lat' dir='ltr'><strong>motum</strong></span> <span class='ocrx_word' id='word_1_121' title='bbox 2045 1389 2082 1458; x_wconf 88' lang='lat' dir='ltr'><strong>in</strong></span> 
     </span>
     <span class='ocr_line' id='line_1_12' title="bbox 552 1471 2083 1568; baseline -0.004 -10"><span class='ocrx_word' id='word_1_122' title='bbox 552 1507 652 1558; x_wconf 85' lang='lat' dir='ltr'><strong>curua</strong></span> <span class='ocrx_word' id='word_1_123' title='bbox 676 1483 936 1556; x_wconf 87' lang='lat' dir='ltr'><strong>Tautocbtona:</strong></span> <span class='ocrx_word' id='word_1_124' title='bbox 964 1478 1029 1549; x_wconf 82' lang='lat' dir='ltr'><strong>Vix</strong></span> <span class='ocrx_word' id='word_1_125' title='bbox 1048 1479 1082 1547; x_wconf 94' lang='lat' dir='ltr'><strong>in</strong></span> <span class='ocrx_word' id='word_1_126' title='bbox 1107 1477 1169 1546; x_wconf 91' lang='lat' dir='ltr'><strong>hac</strong></span> <span class='ocrx_word' id='word_1_127' title='bbox 1190 1474 1356 1546; x_wconf 70' lang='lat' dir='ltr'><strong>fenennae</strong></span> <span class='ocrx_word' id='word_1_128' title='bbox 1380 1475 1459 1548; x_wconf 88' lang='lat' dir='ltr'><strong>mihi</strong></span> <span class='ocrx_word' id='word_1_129' title='bbox 1483 1475 1566 1544; x_wconf 82' lang='lat' dir='ltr'><strong>uires</strong></span> <span class='ocrx_word' id='word_1_130' title='bbox 1592 1471 1808 1564; x_wconf 79' lang='lat' dir='ltr'><strong>superfuturas</strong></span> <span class='ocrx_word' id='word_1_131' title='bbox 1832 1477 1957 1568; x_wconf 87' lang='lat' dir='ltr'><strong>sperare</strong></span> <span class='ocrx_word' id='word_1_132' title='bbox 1983 1482 2083 1568; x_wconf 80' lang='lat' dir='ltr'><strong>licet,</strong></span> 
     </span>
     <span class='ocr_line' id='line_1_13' title="bbox 551 1569 2080 1669; baseline -0.001 -15"><span class='ocrx_word' id='word_1_133' title='bbox 551 1603 589 1654; x_wconf 93' lang='lat' dir='ltr'><strong>ut</strong></span> <span class='ocrx_word' id='word_1_134' title='bbox 611 1581 687 1653; x_wconf 74' lang='lat' dir='ltr'><strong>baec</strong></span> <span class='ocrx_word' id='word_1_135' title='bbox 709 1583 819 1652; x_wconf 87' lang='lat' dir='ltr'><strong>onmia</strong></span> <span class='ocrx_word' id='word_1_136' title='bbox 839 1580 952 1650; x_wconf 86' lang='lat' dir='ltr'><strong>denuo</strong></span> <span class='ocrx_word' id='word_1_137' title='bbox 974 1575 1015 1645; x_wconf 87' lang='lat' dir='ltr'><strong>ad</strong></span> <span class='ocrx_word' id='word_1_138' title='bbox 1037 1573 1191 1647; x_wconf 88' lang='lat' dir='ltr'><strong>incudem</strong></span> <span class='ocrx_word' id='word_1_139' title='bbox 1217 1591 1397 1667; x_wconf 75' lang='lat' dir='ltr'><strong>revocem,</strong></span> <span class='ocrx_word' id='word_1_140' title='bbox 1420 1572 1541 1662; x_wconf 83' lang='lat' dir='ltr'><strong>ponus·</strong></span> <span class='ocrx_word' id='word_1_141' title='bbox 1554 1569 1635 1642; x_wconf 90' lang='lat' dir='ltr'><strong>alios</strong></span> <span class='ocrx_word' id='word_1_142' title='bbox 1661 1570 1878 1669; x_wconf 86' lang='lat' dir='ltr'><strong>Philosophus</strong></span> <span class='ocrx_word' id='word_1_143' title='bbox 1902 1579 2080 1668; x_wconf 83' lang='lat' dir='ltr'><strong>adhortor,</strong></span> 
     </span>
     <span class='ocr_line' id='line_1_14' title="bbox 550 1667 1858 1770; baseline -0.005 -20"><span class='ocrx_word' id='word_1_144' title='bbox 550 1699 588 1750; x_wconf 90' lang='lat' dir='ltr'><strong>ut</strong></span> <span class='ocrx_word' id='word_1_145' title='bbox 604 1677 697 1764; x_wconf 85' lang='lat' dir='ltr'><strong>haec,</strong></span> <span class='ocrx_word' id='word_1_146' title='bbox 722 1700 797 1767; x_wconf 85' lang='lat' dir='ltr'><strong>quat</strong></span> <span class='ocrx_word' id='word_1_147' title='bbox 822 1676 991 1770; x_wconf 85' lang='lat' dir='ltr'><strong>magniin</strong></span> <span class='ocrx_word' id='word_1_148' title='bbox 1010 1669 1208 1740; x_wconf 85' lang='lat' dir='ltr'><strong>Mecstauica</strong></span> <span class='ocrx_word' id='word_1_149' title='bbox 1234 1667 1305 1738; x_wconf 90' lang='lat' dir='ltr'><strong>sunt</strong></span> <span class='ocrx_word' id='word_1_150' title='bbox 1327 1668 1422 1754; x_wconf 85' lang='lat' dir='ltr'><strong>usus,</strong></span> <span class='ocrx_word' id='word_1_151' title='bbox 1444 1668 1581 1754; x_wconf 89' lang='lat' dir='ltr'><strong>liment,</strong></span> <span class='ocrx_word' id='word_1_152' title='bbox 1607 1669 1858 1767; x_wconf 79' lang='lat' dir='ltr'><strong>eiuendentque.</strong></span> 
     </span>
    </p>
   </div>
   <div class='ocr_carea' id='block_1_3' title="bbox 492 1789 2242 3358">
    <p class='ocr_par' dir='ltr' id='par_1_4' title="bbox 492 1789 2242 3358">
     <span class='ocr_line' id='line_1_15' title="bbox 600 1789 2085 1910; baseline 0.003 -26"><span class='ocrx_word' id='word_1_153' title='bbox 600 1812 631 1910; x_wconf 67' lang='lat'><strong>5.</strong></span> <span class='ocrx_word' id='word_1_154' title='bbox 656 1807 825 1884; x_wconf 86' lang='lat' dir='ltr'><strong>DXXIV.</strong></span> <span class='ocrx_word' id='word_1_155' title='bbox 852 1806 903 1878; x_wconf 92' lang='lat' dir='ltr'><strong>Ut</strong></span> <span class='ocrx_word' id='word_1_156' title='bbox 925 1795 1052 1877; x_wconf 83' lang='lat' dir='ltr'><strong>a&#39;ttr&#39;itus</strong></span> <span class='ocrx_word' id='word_1_157' title='bbox 1071 1789 1248 1902; x_wconf 67' lang='lat' dir='ltr'><strong>corporum</strong></span> <span class='ocrx_word' id='word_1_158' title='bbox 1270 1806 1460 1897; x_wconf 82' lang='lat' dir='ltr'><strong>minuatur,</strong></span> <span class='ocrx_word' id='word_1_159' title='bbox 1484 1801 1667 1900; x_wconf 70' lang='lat' dir='ltr'><strong>,unguntur</strong></span> <span class='ocrx_word' id='word_1_160' title='bbox 1700 1827 1840 1898; x_wconf 88' lang='lat' dir='ltr'><strong>corpora</strong></span> <span class='ocrx_word' id='word_1_161' title='bbox 1870 1813 1923 1885; x_wconf 86' lang='lat' dir='ltr'><strong>vel</strong></span> <span class='ocrx_word' id='word_1_162' title='bbox 1947 1809 2085 1887; x_wconf 82' lang='lat' dir='ltr'><strong>axes&amp;</strong></span> 
     </span>
     <span class='ocr_line' id='line_1_16' title="bbox 492 1897 2083 2008; baseline 0.001 -25"><span class='ocrx_word' id='word_1_163' title='bbox 492 1935 497 1942; x_wconf 91' lang='lat'><em>·</em></span> <span class='ocrx_word' id='word_1_164' title='bbox 549 1911 667 1983; x_wconf 88' lang='lat' dir='ltr'><strong>dentes</strong></span> <span class='ocrx_word' id='word_1_165' title='bbox 694 1928 837 1980; x_wconf 88' lang='lat' dir='ltr'><strong>totarum</strong></span> <span class='ocrx_word' id='word_1_166' title='bbox 865 1899 963 1987; x_wconf 81' lang='lat' dir='ltr'><strong>oleo&#39;;</strong></span> <span class='ocrx_word' id='word_1_167' title='bbox 978 1897 1165 2003; x_wconf 70' lang='lat' dir='ltr'><strong>&#39;aliquando</strong></span> <span class='ocrx_word' id='word_1_168' title='bbox 1187 1901 1410 1988; x_wconf 67' lang='lat' dir='ltr'><strong>crassamento</strong></span> <span class='ocrx_word' id='word_1_169' title='bbox 1425 1897 1619 1993; x_wconf 74' lang='lat' dir='ltr'><strong>olei,&#39;alia,</strong></span> <span class='ocrx_word' id='word_1_170' title='bbox 1645 1905 1678 1995; x_wconf 82' lang='lat' dir='ltr'><strong>in</strong></span> <span class='ocrx_word' id='word_1_171' title='bbox 1703 1907 1815 1994; x_wconf 73' lang='lat' dir='ltr'><strong>primis</strong></span> <span class='ocrx_word' id='word_1_172' title='bbox 1840 1907 1926 2002; x_wconf 83' lang='lat' dir='ltr'><strong>ligna</strong></span> <span class='ocrx_word' id='word_1_173' title='bbox 1951 1933 2083 2008; x_wconf 87' lang='lat' dir='ltr'><strong>ungun-</strong></span> 
     </span>
     <span class='ocr_line' id='line_1_17' title="bbox 550 1991 2084 2100; baseline -0.001 -18"><span class='ocrx_word' id='word_1_174' title='bbox 550 2029 604 2082; x_wconf 89' lang='lat' dir='ltr'><strong>tur</strong></span> <span class='ocrx_word' id='word_1_175' title='bbox 627 2008 756 2098; x_wconf 86' lang='lat' dir='ltr'><strong>Adipe‚</strong></span> <span class='ocrx_word' id='word_1_176' title='bbox 783 2004 860 2076; x_wconf 91' lang='lat' dir='ltr'><strong>Pice</strong></span> <span class='ocrx_word' id='word_1_177' title='bbox 881 1993 1025 2094; x_wconf 75' lang='lat' dir='ltr'><strong>liquida,</strong></span> <span class='ocrx_word' id='word_1_178' title='bbox 1052 2001 1184 2095; x_wconf 82' lang='lat' dir='ltr'><strong>Sepone</strong></span> <span class='ocrx_word' id='word_1_179' title='bbox 1201 1991 1394 2096; x_wconf 83' lang='lat' dir='ltr'><strong>Hispanico,</strong></span> <span class='ocrx_word' id='word_1_180' title='bbox 1419 1995 1551 2088; x_wconf 86' lang='lat' dir='ltr'><strong>Sapon&#39;e</strong></span> <span class='ocrx_word' id='word_1_181' title='bbox 1575 2001 1689 2084; x_wconf 90' lang='lat' dir='ltr'><strong>viridi,</strong></span> <span class='ocrx_word' id='word_1_182' title='bbox 1717 1999 1948 2100; x_wconf 74' lang='lat' dir='ltr'><strong>Plumbagine,</strong></span> <span class='ocrx_word' id='word_1_183' title='bbox 1974 2010 2084 2080; x_wconf 86' lang='lat' dir='ltr'><strong>sanili-</strong></span> 
     </span>
     <span class='ocr_line' id='line_1_18' title="bbox 548 2094 2089 2195; baseline -0.001 -16"><span class='ocrx_word' id='word_1_184' title='bbox 548 2109 652 2180; x_wconf 88' lang='lat' dir='ltr'><strong>busve</strong></span> <span class='ocrx_word' id='word_1_185' title='bbox 681 2105 800 2186; x_wconf 84' lang='lat' dir='ltr'><strong>rebus,</strong></span> <span class='ocrx_word' id='word_1_186' title='bbox 834 2123 908 2192; x_wconf 84' lang='lat' dir='ltr'><strong>quae</strong></span> <span class='ocrx_word' id='word_1_187' title='bbox 937 2101 1075 2170; x_wconf 72' lang='lat' dir='ltr'><strong>levitate</strong></span> <span class='ocrx_word' id='word_1_188' title='bbox 1095 2095 1265 2195; x_wconf 17' lang='lat' dir='ltr'><strong>&#39;costrinua</strong></span> <span class='ocrx_word' id='word_1_189' title='bbox 1291 2095 1361 2166; x_wconf 91' lang='lat' dir='ltr'><strong>sunt</strong></span> <span class='ocrx_word' id='word_1_190' title='bbox 1384 2095 1534 2166; x_wconf 83' lang='lat' dir='ltr'><strong>lubricae:</strong></span> <span class='ocrx_word' id='word_1_191' title='bbox 1561 2094 1682 2167; x_wconf 88' lang='lat' dir='ltr'><strong>Oleum</strong></span> <span class='ocrx_word' id='word_1_192' title='bbox 1701 2099 1791 2169; x_wconf 84' lang='lat' dir='ltr'><strong>inter</strong></span> <span class='ocrx_word' id='word_1_193' title='bbox 1814 2121 1922 2192; x_wconf 88' lang='lat' dir='ltr'><strong>partes</strong></span> <span class='ocrx_word' id='word_1_194' title='bbox 1947 2106 2089 2177; x_wconf 91' lang='lat' dir='ltr'><strong>metalli·</strong></span> 
     </span>
     <span class='ocr_line' id='line_1_19' title="bbox 548 2191 2086 2299; baseline -0.002 -24"><span class='ocrx_word' id='word_1_195' title='bbox 548 2224 605 2275; x_wconf 92' lang='lat' dir='ltr'><strong>cas</strong></span> <span class='ocrx_word' id='word_1_196' title='bbox 628 2204 717 2299; x_wconf 88' lang='lat' dir='ltr'><strong>large</strong></span> <span class='ocrx_word' id='word_1_197' title='bbox 742 2197 928 2270; x_wconf 85' lang='lat' dir='ltr'><strong>intersul&#39;tun</strong></span> <span class='ocrx_word' id='word_1_198' title='bbox 949 2195 1163 2269; x_wconf 85' lang='lat' dir='ltr'><strong>lubricitatem</strong></span> <span class='ocrx_word' id='word_1_199' title='bbox 1190 2211 1300 2263; x_wconf 91' lang='lat' dir='ltr'><strong>motus</strong></span> <span class='ocrx_word' id='word_1_200' title='bbox 1322 2191 1476 2282; x_wconf 73' lang='lat' dir='ltr'><strong>adjuvat,</strong></span> <span class='ocrx_word' id='word_1_201' title='bbox 1506 2197 1673 2284; x_wconf 68' lang='lat' dir='ltr'><strong>precipue</strong></span> <span class='ocrx_word' id='word_1_202' title='bbox 1698 2217 1774 2286; x_wconf 78' lang='lat' dir='ltr'><strong>curn</strong></span> <span class='ocrx_word' id='word_1_203' title='bbox 1798 2218 1939 2288; x_wconf 90' lang='lat' dir='ltr'><strong>corpora</strong></span> <span class='ocrx_word' id='word_1_204' title='bbox 1963 2222 2086 2291; x_wconf 82' lang='lat' dir='ltr'><strong>praera·</strong></span> 
     </span>
     <span class='ocr_line' id='line_1_20' title="bbox 548 2288 2242 2394; baseline -0.002 -23"><span class='ocrx_word' id='word_1_205' title='bbox 548 2301 626 2394; x_wconf 81' lang='lat' dir='ltr'><strong>pidl</strong></span> <span class='ocrx_word' id='word_1_206' title='bbox 651 2301 813 2370; x_wconf 88' lang='lat' dir='ltr'><strong>celeritate</strong></span> <span class='ocrx_word' id='word_1_207' title='bbox 837 2291 1097 2388; x_wconf 79' lang='lat' dir='ltr'><strong>sup&#39;tacorpora</strong></span> <span class='ocrx_word' id='word_1_208' title='bbox 1113 2308 1310 2373; x_wconf 86' lang='lat' dir='ltr'><strong>moventur,</strong></span> <span class='ocrx_word' id='word_1_209' title='bbox 1336 2288 1498 2387; x_wconf 68' lang='lat' dir='ltr'><strong>efficitque</strong></span> <span class='ocrx_word' id='word_1_210' title='bbox 1522 2306 1559 2362; x_wconf 90' lang='lat' dir='ltr'><strong>ut</strong></span> <span class='ocrx_word' id='word_1_211' title='bbox 1583 2294 1787 2363; x_wconf 86' lang='lat' dir='ltr'><strong>nott·moltae</strong></span> <span class='ocrx_word' id='word_1_212' title='bbox 1801 2295 1994 2367; x_wconf 77' lang='lat' dir='ltr'><strong>suadentur</strong></span> <span class='ocrx_word' id='word_1_213' title='bbox 2011 2316 2086 2388; x_wconf 88' lang='lat' dir='ltr'><strong>par·</strong></span> <span class='ocrx_word' id='word_1_214' title='bbox 2238 2336 2242 2347; x_wconf 95' lang='lat'>·</span> 
     </span>
     <span class='ocr_line' id='line_1_21' title="bbox 550 2370 2088 2486; baseline -0.002 -19"><span class='ocrx_word' id='word_1_215' title='bbox 550 2418 619 2481; x_wconf 85' lang='lat' dir='ltr'><strong>tes,</strong></span> <span class='ocrx_word' id='word_1_216' title='bbox 645 2395 735 2486; x_wconf 89' lang='lat' dir='ltr'><strong>quod</strong></span> <span class='ocrx_word' id='word_1_217' title='bbox 758 2385 1065 2465; x_wconf 76' lang='lat' dir='ltr'><strong>veliementeriit&#39;ai</strong></span> <span class='ocrx_word' id='word_1_218' title='bbox 1089 2387 1179 2456; x_wconf 86' lang='lat' dir='ltr'><strong>siccls</strong></span> <span class='ocrx_word' id='word_1_219' title='bbox 1192 2370 1411 2480; x_wconf 23' lang='lat' dir='ltr'><strong>*corporibus‘s</strong></span> <span class='ocrx_word' id='word_1_220' title='bbox 1438 2385 1523 2454; x_wconf 90' lang='lat' dir='ltr'><strong>Olea</strong></span> <span class='ocrx_word' id='word_1_221' title='bbox 1547 2391 1636 2456; x_wconf 84' lang='lat' dir='ltr'><strong>enim</strong></span> <span class='ocrx_word' id='word_1_222' title='bbox 1661 2385 1697 2457; x_wconf 79' lang='lat' dir='ltr'><strong>dt</strong></span> <span class='ocrx_word' id='word_1_223' title='bbox 1715 2391 1931 2480; x_wconf 80' lang='lat' dir='ltr'><strong>pinguedines</strong></span> <span class='ocrx_word' id='word_1_224' title='bbox 1945 2393 2088 2482; x_wconf 89' lang='lat' dir='ltr'><strong>implent</strong></span> 
     </span>
     <span class='ocr_line' id='line_1_22' title="bbox 550 2465 2088 2582; baseline -0.001 -18"><span class='ocrx_word' id='word_1_225' title='bbox 550 2497 702 2564; x_wconf 86' lang='lat' dir='ltr'><strong>cavitates</strong></span> <span class='ocrx_word' id='word_1_226' title='bbox 730 2487 969 2579; x_wconf 76' lang='lat' dir='ltr'><strong>superficierum</strong></span> <span class='ocrx_word' id='word_1_227' title='bbox 980 2507 998 2566; x_wconf 88' lang='lat'><strong>·,</strong></span> <span class='ocrx_word' id='word_1_228' title='bbox 1017 2479 1066 2582; x_wconf 20' lang='lat'><strong>5&amp;</strong></span> <span class='ocrx_word' id='word_1_229' title='bbox 1092 2479 1187 2550; x_wconf 90' lang='lat' dir='ltr'><strong>locos</strong></span> <span class='ocrx_word' id='word_1_230' title='bbox 1207 2465 1420 2572; x_wconf 75' lang='lat' dir='ltr'><strong>confragosis</strong></span> <span class='ocrx_word' id='word_1_231' title='bbox 1442 2477 1589 2547; x_wconf 79' lang='lat' dir='ltr'><strong>&#39;reddunt</strong></span> <span class='ocrx_word' id='word_1_232' title='bbox 1614 2481 1870 2569; x_wconf 59' lang='lat' dir='ltr'><strong>amabiliores,</strong></span> <span class='ocrx_word' id='word_1_233' title='bbox 1893 2485 1979 2556; x_wconf 90' lang='lat' dir='ltr'><strong>adeo</strong></span> <span class='ocrx_word' id='word_1_234' title='bbox 2003 2491 2088 2562; x_wconf 88' lang='lat' dir='ltr'><strong>utsi</strong></span> 
     </span>
     <span class='ocr_line' id='line_1_23' title="bbox 548 2575 2086 2677; baseline -0.005 -11"><span class='ocrx_word' id='word_1_235' title='bbox 548 2593 800 2677; x_wconf 84' lang='lat' dir='ltr'><strong>inter-corpora</strong></span> <span class='ocrx_word' id='word_1_236' title='bbox 822 2578 985 2654; x_wconf 82' lang='lat' dir='ltr'><strong>mouenda</strong></span> <span class='ocrx_word' id='word_1_237' title='bbox 1012 2594 1205 2671; x_wconf 86' lang='lat' dir='ltr'><strong>ponuntur,</strong></span> <span class='ocrx_word' id='word_1_238' title='bbox 1238 2595 1387 2646; x_wconf 88' lang='lat' dir='ltr'><strong>mutuum</strong></span> <span class='ocrx_word' id='word_1_239' title='bbox 1415 2577 1601 2646; x_wconf 72' lang='lat' dir='ltr'><strong>contactam</strong></span> <span class='ocrx_word' id='word_1_240' title='bbox 1624 2575 1777 2662; x_wconf 83' lang='lat' dir='ltr'><strong>&#39;tollant‚</strong></span> <span class='ocrx_word' id='word_1_241' title='bbox 1809 2577 2015 2676; x_wconf 82' lang='lat' dir='ltr'><strong>efficiantque</strong></span> <span class='ocrx_word' id='word_1_242' title='bbox 2040 2607 2086 2658; x_wconf 86' lang='lat' dir='ltr'><strong>ne</strong></span> 
     </span>
     <span class='ocr_line' id='line_1_24' title="bbox 550 2645 2087 2766; baseline -0.001 -10"><span class='ocrx_word' id='word_1_243' title='bbox 550 2687 734 2757; x_wconf 85' lang='lat' dir='ltr'><strong>eminentiae</strong></span> <span class='ocrx_word' id='word_1_244' title='bbox 765 2683 859 2749; x_wconf 89' lang='lat' dir='ltr'><strong>unius</strong></span> <span class='ocrx_word' id='word_1_245' title='bbox 884 2676 1034 2763; x_wconf 87' lang='lat' dir='ltr'><strong>corporis</strong></span> <span class='ocrx_word' id='word_1_246' title='bbox 1056 2671 1277 2766; x_wconf 87' lang='lat' dir='ltr'><strong>ingredianmr</strong></span> <span class='ocrx_word' id='word_1_247' title='bbox 1297 2669 1406 2741; x_wconf 60' lang='lat' dir='ltr'><strong>valles*</strong></span> <span class='ocrx_word' id='word_1_248' title='bbox 1420 2645 1608 2742; x_wconf 78' lang='lat' dir='ltr'><strong>antc&#39;nlas</strong></span> <span class='ocrx_word' id='word_1_249' title='bbox 1625 2673 1797 2746; x_wconf 81' lang='lat' dir='ltr'><strong>&#39;alteriust</strong></span> <span class='ocrx_word' id='word_1_250' title='bbox 1835 2675 1961 2751; x_wconf 88' lang='lat' dir='ltr'><strong>Oleum</strong></span> <span class='ocrx_word' id='word_1_251' title='bbox 1984 2699 2087 2754; x_wconf 86' lang='lat' dir='ltr'><strong>tenue</strong></span> 
     </span>
     <span class='ocr_line' id='line_1_25' title="bbox 548 2763 2086 2861; baseline 0.001 -10"><span class='ocrx_word' id='word_1_252' title='bbox 548 2779 684 2852; x_wconf 69' lang='lat' dir='ltr'><strong>aniculis</strong></span> <span class='ocrx_word' id='word_1_253' title='bbox 704 2764 1080 2861; x_wconf 47' lang='lat' dir='ltr'><strong>tenuioribusscraffius</strong></span> <span class='ocrx_word' id='word_1_254' title='bbox 1105 2763 1306 2836; x_wconf 85' lang='lat' dir='ltr'><strong>craffioribus</strong></span> <span class='ocrx_word' id='word_1_255' title='bbox 1329 2767 1461 2838; x_wconf 81' lang='lat' dir='ltr'><strong>aniculis</strong></span> <span class='ocrx_word' id='word_1_256' title='bbox 1483 2771 1673 2860; x_wconf 82' lang='lat' dir='ltr'><strong>convenit‚·</strong></span> <span class='ocrx_word' id='word_1_257' title='bbox 1688 2771 1729 2841; x_wconf 89' lang='lat' dir='ltr'><strong>eli</strong></span> <span class='ocrx_word' id='word_1_258' title='bbox 1753 2771 1874 2846; x_wconf 90' lang='lat' dir='ltr'><strong>eadum</strong></span> <span class='ocrx_word' id='word_1_259' title='bbox 1899 2795 2009 2852; x_wconf 88' lang='lat' dir='ltr'><strong>tamen</strong></span> <span class='ocrx_word' id='word_1_260' title='bbox 2036 2781 2086 2852; x_wconf 81' lang='lat' dir='ltr'><strong>est</strong></span> 
     </span>
     <span class='ocr_line' id='line_1_26' title="bbox 549 2791 2082 2972; baseline -0.009 -26"><span class='ocrx_word' id='word_1_261' title='bbox 549 2875 642 2968; x_wconf 88' lang='lat' dir='ltr'><strong>quod</strong></span> <span class='ocrx_word' id='word_1_262' title='bbox 666 2873 779 2963; x_wconf 86' lang='lat' dir='ltr'><strong>sponte</strong></span> <span class='ocrx_word' id='word_1_263' title='bbox 800 2889 867 2939; x_wconf 91' lang='lat' dir='ltr'><strong>non</strong></span> <span class='ocrx_word' id='word_1_264' title='bbox 890 2861 1063 2945; x_wconf 85' lang='lat' dir='ltr'><strong>lentescit,</strong></span> <span class='ocrx_word' id='word_1_265' title='bbox 1093 2882 1158 2932; x_wconf 36' lang='lat' dir='ltr'><strong>*aut</strong></span> <span class='ocrx_word' id='word_1_266' title='bbox 1174 2859 1372 2948; x_wconf 81' lang='lat' dir='ltr'><strong>indurescit,</strong></span> <span class='ocrx_word' id='word_1_267' title='bbox 1403 2863 1503 2936; x_wconf 86' lang='lat' dir='ltr'><strong>veluti</strong></span> <span class='ocrx_word' id='word_1_268' title='bbox 1526 2865 1573 2936; x_wconf 84' lang='lat' dir='ltr'><strong>est</strong></span> <span class='ocrx_word' id='word_1_269' title='bbox 1597 2866 1713 2941; x_wconf 87' lang='lat' dir='ltr'><strong>oleum</strong></span> <span class='ocrx_word' id='word_1_270' title='bbox 1731 2791 1824 2940; x_wconf 58' lang='lat' dir='ltr'><strong>dini.</strong></span> <span class='ocrx_word' id='word_1_271' title='bbox 1876 2890 1926 2944; x_wconf 80' lang='lat'><strong>20.</strong></span> <span class='ocrx_word' id='word_1_272' title='bbox 1953 2873 2082 2972; x_wconf 63' lang='lat' dir='ltr'><strong>Qum.</strong></span> 
     </span>
     <span class='ocr_line' id='line_1_27' title="bbox 549 2958 2083 3068; baseline 0.002 -23"><span class='ocrx_word' id='word_1_273' title='bbox 549 2994 612 3046; x_wconf 87' lang='lat' dir='ltr'><strong>nus</strong></span> <span class='ocrx_word' id='word_1_274' title='bbox 628 2965 747 3041; x_wconf 81' lang='lat' dir='ltr'><strong>olea&amp;</strong></span> <span class='ocrx_word' id='word_1_275' title='bbox 768 2962 982 3059; x_wconf 87' lang='lat' dir='ltr'><strong>pinguedines</strong></span> <span class='ocrx_word' id='word_1_276' title='bbox 1002 2958 1147 3053; x_wconf 86' lang='lat' dir='ltr'><strong>globofis</strong></span> <span class='ocrx_word' id='word_1_277' title='bbox 1171 2958 1370 3055; x_wconf 67' lang='lat' dir='ltr'><strong>laribusque</strong></span> <span class='ocrx_word' id='word_1_278' title='bbox 1394 2961 1542 3034; x_wconf 91' lang='lat' dir='ltr'><strong>constant</strong></span> <span class='ocrx_word' id='word_1_279' title='bbox 1567 2968 1732 3052; x_wconf 81' lang='lat' dir='ltr'><strong>patribus,</strong></span> <span class='ocrx_word' id='word_1_280' title='bbox 1757 2965 1962 3042; x_wconf 80' lang='lat' dir='ltr'><strong>subticifftme</strong></span> <span class='ocrx_word' id='word_1_281' title='bbox 1989 2971 2083 3068; x_wconf 85' lang='lat' dir='ltr'><strong>supra</strong></span> 
     </span>
     <span class='ocr_line' id='line_1_28' title="bbox 551 3055 2083 3156; baseline -0.011 -14"><span class='ocrx_word' id='word_1_282' title='bbox 551 3067 731 3145; x_wconf 86' lang='lat' dir='ltr'><strong>semoveri</strong></span> <span class='ocrx_word' id='word_1_283' title='bbox 757 3063 845 3136; x_wconf 82' lang='lat' dir='ltr'><strong>&amp;in</strong></span> <span class='ocrx_word' id='word_1_284' title='bbox 864 3055 1071 3142; x_wconf 80' lang='lat' dir='ltr'><strong>multatibus,</strong></span> <span class='ocrx_word' id='word_1_285' title='bbox 1099 3075 1179 3146; x_wconf 88' lang='lat' dir='ltr'><strong>quus</strong></span> <span class='ocrx_word' id='word_1_286' title='bbox 1193 3055 1355 3146; x_wconf 88' lang='lat' dir='ltr'><strong>implent,</strong></span> <span class='ocrx_word' id='word_1_287' title='bbox 1378 3059 1412 3128; x_wconf 93' lang='lat' dir='ltr'><strong>in</strong></span> <span class='ocrx_word' id='word_1_288' title='bbox 1436 3059 1613 3132; x_wconf 90' lang='lat' dir='ltr'><strong>rotundum</strong></span> <span class='ocrx_word' id='word_1_289' title='bbox 1637 3065 1717 3131; x_wconf 88' lang='lat' dir='ltr'><strong>verti</strong></span> <span class='ocrx_word' id='word_1_290' title='bbox 1743 3061 1891 3150; x_wconf 82' lang='lat' dir='ltr'><strong>possunt,</strong></span> <span class='ocrx_word' id='word_1_291' title='bbox 1917 3089 1992 3156; x_wconf 89' lang='lat' dir='ltr'><strong>quo</strong></span> <span class='ocrx_word' id='word_1_292' title='bbox 2006 3093 2083 3144; x_wconf 88' lang='lat' dir='ltr'><strong>mo.</strong></span> 
     </span>
     <span class='ocr_line' id='line_1_29' title="bbox 550 3151 2084 3254; baseline -0.008 -10"><span class='ocrx_word' id='word_1_293' title='bbox 550 3167 598 3244; x_wconf 87' lang='lat' dir='ltr'><strong>do</strong></span> <span class='ocrx_word' id='word_1_294' title='bbox 626 3169 769 3240; x_wconf 89' lang='lat' dir='ltr'><strong>attritum</strong></span> <span class='ocrx_word' id='word_1_295' title='bbox 800 3176 977 3250; x_wconf 89' lang='lat' dir='ltr'><strong>corporum</strong></span> <span class='ocrx_word' id='word_1_296' title='bbox 1008 3151 1066 3222; x_wconf 87' lang='lat' dir='ltr'><strong>fibi</strong></span> <span class='ocrx_word' id='word_1_297' title='bbox 1098 3151 1323 3244; x_wconf 87' lang='lat' dir='ltr'><strong>impositorum</strong></span> <span class='ocrx_word' id='word_1_298' title='bbox 1355 3153 1516 3228; x_wconf 89' lang='lat' dir='ltr'><strong>minuunt.</strong></span> <span class='ocrx_word' id='word_1_299' title='bbox 1566 3167 1618 3251; x_wconf 80' lang='lat'><strong>3⁰.</strong></span> <span class='ocrx_word' id='word_1_300' title='bbox 1644 3155 1711 3230; x_wconf 92' lang='lat' dir='ltr'><strong>Sed</strong></span> <span class='ocrx_word' id='word_1_301' title='bbox 1734 3155 1826 3230; x_wconf 84' lang='lat' dir='ltr'><strong>ssmul</strong></span> <span class='ocrx_word' id='word_1_302' title='bbox 1850 3158 2021 3254; x_wconf 81' lang='lat' dir='ltr'><strong>efficiunt,</strong></span> <span class='ocrx_word' id='word_1_303' title='bbox 2046 3187 2084 3240; x_wconf 93' lang='lat' dir='ltr'><strong>ut</strong></span> 
     </span>
     <span class='ocr_line' id='line_1_30' title="bbox 550 3247 1521 3358; baseline -0.015 -18"><span class='ocrx_word' id='word_1_304' title='bbox 550 3285 693 3358; x_wconf 88' lang='lat' dir='ltr'><strong>corpora</strong></span> <span class='ocrx_word' id='word_1_305' title='bbox 714 3261 807 3354; x_wconf 86' lang='lat' dir='ltr'><strong>supra</strong></span> <span class='ocrx_word' id='word_1_306' title='bbox 828 3274 969 3347; x_wconf 83' lang='lat' dir='ltr'><strong>corpora</strong></span> <span class='ocrx_word' id='word_1_307' title='bbox 993 3269 1084 3324; x_wconf 88' lang='lat' dir='ltr'><strong>mota</strong></span> <span class='ocrx_word' id='word_1_308' title='bbox 1112 3269 1199 3322; x_wconf 90' lang='lat' dir='ltr'><strong>nunc</strong></span> <span class='ocrx_word' id='word_1_309' title='bbox 1225 3272 1293 3322; x_wconf 90' lang='lat' dir='ltr'><strong>non</strong></span> <span class='ocrx_word' id='word_1_310' title='bbox 1316 3247 1521 3326; x_wconf 76' lang='lat' dir='ltr'><strong>incalescant</strong></span> 
     </span>
    </p>
   </div>
   <div class='ocr_carea' id='block_1_4' title="bbox 539 3392 2086 4058">
    <p class='ocr_par' dir='ltr' id='par_1_5' title="bbox 539 3392 2086 4058">
     <span class='ocr_line' id='line_1_31' title="bbox 597 3392 2083 3498; baseline 0.003 -27"><span class='ocrx_word' id='word_1_311' title='bbox 597 3400 628 3498; x_wconf 68' lang='lat'><strong>5.</strong></span> <span class='ocrx_word' id='word_1_312' title='bbox 655 3396 806 3470; x_wconf 88' lang='lat' dir='ltr'><strong>DXXV.</strong></span> <span class='ocrx_word' id='word_1_313' title='bbox 830 3395 987 3466; x_wconf 87' lang='lat' dir='ltr'><strong>Attritum</strong></span> <span class='ocrx_word' id='word_1_314' title='bbox 1005 3411 1242 3484; x_wconf 88' lang='lat' dir='ltr'><strong>nonnunquam</strong></span> <span class='ocrx_word' id='word_1_315' title='bbox 1268 3394 1464 3481; x_wconf 89' lang='lat' dir='ltr'><strong>minuimus,</strong></span> <span class='ocrx_word' id='word_1_316' title='bbox 1490 3392 1597 3492; x_wconf 70' lang='lat' dir='ltr'><strong>liaris</strong></span> <span class='ocrx_word' id='word_1_317' title='bbox 1612 3392 1784 3466; x_wconf 85' lang='lat' dir='ltr'><strong>vertendus</strong></span> <span class='ocrx_word' id='word_1_318' title='bbox 1808 3415 1875 3467; x_wconf 89' lang='lat' dir='ltr'><strong>non</strong></span> <span class='ocrx_word' id='word_1_319' title='bbox 1900 3403 2083 3494; x_wconf 77' lang='lat' dir='ltr'><strong>excipimur</strong></span> 
     </span>
     <span class='ocr_line' id='line_1_32' title="bbox 546 3487 2083 3588; baseline -0.003 -14"><span class='ocrx_word' id='word_1_320' title='bbox 546 3517 689 3588; x_wconf 89' lang='lat' dir='ltr'><strong>utroque</strong></span> <span class='ocrx_word' id='word_1_321' title='bbox 711 3513 858 3566; x_wconf 87' lang='lat' dir='ltr'><strong>extremo</strong></span> <span class='ocrx_word' id='word_1_322' title='bbox 879 3489 1060 3580; x_wconf 87' lang='lat' dir='ltr'><strong>cylindrico</strong></span> <span class='ocrx_word' id='word_1_323' title='bbox 1080 3487 1115 3559; x_wconf 93' lang='lat' dir='ltr'><strong>in</strong></span> <span class='ocrx_word' id='word_1_324' title='bbox 1132 3487 1252 3581; x_wconf 84' lang='lat' dir='ltr'><strong>pyxide</strong></span> <span class='ocrx_word' id='word_1_325' title='bbox 1269 3489 1466 3581; x_wconf 87' lang='lat' dir='ltr'><strong>cylindtica,</strong></span> <span class='ocrx_word' id='word_1_326' title='bbox 1491 3491 1596 3564; x_wconf 88' lang='lat' dir='ltr'><strong>sedin</strong></span> <span class='ocrx_word' id='word_1_327' title='bbox 1614 3511 1749 3582; x_wconf 89' lang='lat' dir='ltr'><strong>utraque</strong></span> <span class='ocrx_word' id='word_1_328' title='bbox 1762 3495 1967 3570; x_wconf 80' lang='lat' dir='ltr'><strong>extremitate</strong></span> <span class='ocrx_word' id='word_1_329' title='bbox 1982 3520 2083 3571; x_wconf 87' lang='lat' dir='ltr'><strong>areos</strong></span> 
     </span>
     <span class='ocr_line' id='line_1_33' title="bbox 549 3588 2084 3685; baseline -0.001 -14"><span class='ocrx_word' id='word_1_330' title='bbox 549 3597 606 3671; x_wconf 88' lang='lat' dir='ltr'><strong>siat</strong></span> <span class='ocrx_word' id='word_1_331' title='bbox 627 3593 773 3666; x_wconf 87' lang='lat' dir='ltr'><strong>foramen</strong></span> <span class='ocrx_word' id='word_1_332' title='bbox 798 3588 1012 3682; x_wconf 82' lang='lat' dir='ltr'><strong>cyliodticum</strong></span> <span class='ocrx_word' id='word_1_333' title='bbox 1037 3609 1190 3672; x_wconf 85' lang='lat' dir='ltr'><strong>caecum,</strong></span> <span class='ocrx_word' id='word_1_334' title='bbox 1216 3589 1307 3680; x_wconf 91' lang='lat' dir='ltr'><strong>quod</strong></span> <span class='ocrx_word' id='word_1_335' title='bbox 1326 3589 1548 3685; x_wconf 88' lang='lat' dir='ltr'><strong>ingrediantur</strong></span> <span class='ocrx_word' id='word_1_336' title='bbox 1570 3588 1816 3680; x_wconf 88' lang='lat' dir='ltr'><strong>aliquousque‚</strong></span> <span class='ocrx_word' id='word_1_337' title='bbox 1848 3613 1916 3664; x_wconf 90' lang='lat' dir='ltr'><strong>non</strong></span> <span class='ocrx_word' id='word_1_338' title='bbox 1941 3597 1986 3668; x_wconf 89' lang='lat' dir='ltr'><strong>ad</strong></span> <span class='ocrx_word' id='word_1_339' title='bbox 2010 3595 2084 3670; x_wconf 87' lang='lat' dir='ltr'><strong>sun·</strong></span> 
     </span>
     <span class='ocr_line' id='line_1_34' title="bbox 550 3684 2086 3784; baseline 0 -20"><span class='ocrx_word' id='word_1_340' title='bbox 550 3693 629 3766; x_wconf 91' lang='lat' dir='ltr'><strong>dum</strong></span> <span class='ocrx_word' id='word_1_341' title='bbox 650 3712 773 3784; x_wconf 85' lang='lat' dir='ltr'><strong>usque,</strong></span> <span class='ocrx_word' id='word_1_342' title='bbox 796 3707 940 3782; x_wconf 78' lang='lat' dir='ltr'><strong>corpora</strong></span> <span class='ocrx_word' id='word_1_343' title='bbox 964 3687 1099 3770; x_wconf 86' lang='lat' dir='ltr'><strong>conica,</strong></span> <span class='ocrx_word' id='word_1_344' title='bbox 1125 3684 1219 3780; x_wconf 90' lang='lat' dir='ltr'><strong>super</strong></span> <span class='ocrx_word' id='word_1_345' title='bbox 1243 3689 1364 3778; x_wconf 85' lang='lat' dir='ltr'><strong>quibus</strong></span> <span class='ocrx_word' id='word_1_346' title='bbox 1386 3685 1458 3758; x_wconf 84' lang='lat' dir='ltr'><strong>fixis</strong></span> <span class='ocrx_word' id='word_1_347' title='bbox 1481 3687 1550 3770; x_wconf 73' lang='lat' dir='ltr'><strong>axis</strong></span> <span class='ocrx_word' id='word_1_348' title='bbox 1575 3687 1734 3772; x_wconf 66' lang='lat' dir='ltr'><strong>territura</strong></span> <span class='ocrx_word' id='word_1_349' title='bbox 1761 3708 1829 3758; x_wconf 93' lang='lat' dir='ltr'><strong>tum</strong></span> <span class='ocrx_word' id='word_1_350' title='bbox 1854 3691 1944 3763; x_wconf 86' lang='lat' dir='ltr'><strong>enim</strong></span> <span class='ocrx_word' id='word_1_351' title='bbox 1972 3692 2086 3778; x_wconf 84' lang='lat' dir='ltr'><strong>circel·</strong></span> 
     </span>
     <span class='ocr_line' id='line_1_35' title="bbox 539 3783 2084 3897; baseline -0.001 -33"><span class='ocrx_word' id='word_1_352' title='bbox 539 3787 600 3874; x_wconf 68' lang='lat' dir='ltr'><strong>,lus</strong></span> <span class='ocrx_word' id='word_1_353' title='bbox 624 3792 762 3862; x_wconf 84' lang='lat' dir='ltr'><strong>extimus</strong></span> <span class='ocrx_word' id='word_1_354' title='bbox 787 3783 886 3858; x_wconf 83' lang='lat' dir='ltr'><strong>axe&#39;os</strong></span> <span class='ocrx_word' id='word_1_355' title='bbox 911 3783 1013 3856; x_wconf 89' lang='lat' dir='ltr'><strong>modo</strong></span> <span class='ocrx_word' id='word_1_356' title='bbox 1031 3784 1198 3880; x_wconf 86' lang='lat' dir='ltr'><strong>tangitur,</strong></span> <span class='ocrx_word' id='word_1_357' title='bbox 1232 3787 1439 3876; x_wconf 87' lang='lat' dir='ltr'><strong>teriturque,</strong></span> <span class='ocrx_word' id='word_1_358' title='bbox 1472 3804 1570 3897; x_wconf 72' lang='lat' dir='ltr'><strong>atque</strong></span> <span class='ocrx_word' id='word_1_359' title='bbox 1602 3786 1645 3854; x_wconf 92' lang='lat' dir='ltr'><strong>ita</strong></span> <span class='ocrx_word' id='word_1_360' title='bbox 1676 3786 1801 3854; x_wconf 86' lang='lat' dir='ltr'><strong>attritus</strong></span> <span class='ocrx_word' id='word_1_361' title='bbox 1825 3784 1871 3854; x_wconf 88' lang='lat' dir='ltr'><strong>est</strong></span> <span class='ocrx_word' id='word_1_362' title='bbox 1896 3789 2084 3862; x_wconf 88' lang='lat' dir='ltr'><strong>admodum</strong></span> 
     </span>
     <span class='ocr_line' id='line_1_36' title="bbox 548 3877 2081 4051; baseline -0.003 -91"><span class='ocrx_word' id='word_1_363' title='bbox 548 3893 601 3960; x_wconf 85' lang='lat' dir='ltr'><strong>exi</strong></span> <span class='ocrx_word' id='word_1_364' title='bbox 649 3909 705 3960; x_wconf 85' lang='lat' dir='ltr'><strong>us:</strong></span> <span class='ocrx_word' id='word_1_365' title='bbox 731 3883 957 4051; x_wconf 54' lang='lat' dir='ltr'><strong>quaudosspxis</strong></span> <span class='ocrx_word' id='word_1_366' title='bbox 977 3879 1023 3954; x_wconf 86' lang='lat' dir='ltr'><strong>est</strong></span> <span class='ocrx_word' id='word_1_367' title='bbox 1039 3901 1159 3977; x_wconf 86' lang='lat' dir='ltr'><strong>parum</strong></span> <span class='ocrx_word' id='word_1_368' title='bbox 1182 3900 1334 3974; x_wconf 78' lang='lat' dir='ltr'><strong>oneratus</strong></span> <span class='ocrx_word' id='word_1_369' title='bbox 1355 3877 1393 3952; x_wconf 75' lang='grc' dir='ltr'><strong>δι.</strong></span> <span class='ocrx_word' id='word_1_370' title='bbox 1416 3880 1572 3954; x_wconf 79' lang='lat' dir='ltr'><strong>velociter</strong></span> <span class='ocrx_word' id='word_1_371' title='bbox 1595 3879 1916 3970; x_wconf 84' lang='lat' dir='ltr'><strong>circumverteudus,</strong></span> <span class='ocrx_word' id='word_1_372' title='bbox 1936 3885 1988 3983; x_wconf 81' lang='lat' dir='ltr'><strong>ess</strong></span> <span class='ocrx_word' id='word_1_373' title='bbox 2007 3885 2081 3980; x_wconf 83' lang='lat' dir='ltr'><strong>haec</strong></span> 
     </span>
     <span class='ocr_line' id='line_1_37' title="bbox 548 3981 966 4058; baseline -0.012 0"><span class='ocrx_word' id='word_1_374' title='bbox 548 3981 616 4058; x_wconf 89' lang='lat' dir='ltr'><strong>met</strong></span> <span class='ocrx_word' id='word_1_375' title='bbox 641 3985 724 4058; x_wconf 92' lang='lat' dir='ltr'><strong>odus</strong></span> <span class='ocrx_word' id='word_1_376' title='bbox 748 3983 867 4058; x_wconf 91' lang='lat' dir='ltr'><strong>laudati</strong></span> <span class='ocrx_word' id='word_1_377' title='bbox 892 4001 966 4056; x_wconf 83' lang='lat' dir='ltr'><strong>tnta.</strong></span> 
     </span>
    </p>
   </div>
   <div class='ocr_carea' id='block_1_5' title="bbox 397 4116 2084 4604">
    <p class='ocr_par' dir='ltr' id='par_1_6' title="bbox 397 4116 2084 4604">
     <span class='ocr_line' id='line_1_38' title="bbox 398 4116 2082 4310; baseline 0.01 -32"><span class='ocrx_word' id='word_1_378' title='bbox 398 4135 494 4278; x_wconf 61' lang='lat' dir='ltr'><strong>als·</strong></span> <span class='ocrx_word' id='word_1_379' title='bbox 548 4118 644 4290; x_wconf 67' lang='lat' dir='ltr'><strong>aas.</strong></span> <span class='ocrx_word' id='word_1_380' title='bbox 657 4118 1471 4310; x_wconf 57' lang='lat' dir='ltr'><strong>illivssiluisbillisullnilbl</strong></span> <span class='ocrx_word' id='word_1_381' title='bbox 1487 4116 1633 4308; x_wconf 62' lang='lat' dir='ltr'><strong>‘ills</strong></span> <span class='ocrx_word' id='word_1_382' title='bbox 1650 4119 2009 4307; x_wconf 45' lang='lat' dir='ltr'><strong>bullus?</strong></span> <span class='ocrx_word' id='word_1_383' title='bbox 2028 4145 2082 4306; x_wconf 56' lang='lat' dir='ltr'><strong>il</strong></span> 
     </span>
     <span class='ocr_line' id='line_1_39' title="bbox 397 4295 2083 4422; baseline 0.007 -44"><span class='ocrx_word' id='word_1_384' title='bbox 397 4295 463 4422; x_wconf 60' lang='lat' dir='ltr'><strong>Q·</strong></span> <span class='ocrx_word' id='word_1_385' title='bbox 481 4309 509 4356; x_wconf 82' lang='lat'><strong>¹·</strong></span> <span class='ocrx_word' id='word_1_386' title='bbox 548 4313 643 4386; x_wconf 84' lang='lat' dir='ltr'><strong>fimili</strong></span> <span class='ocrx_word' id='word_1_387' title='bbox 662 4316 765 4388; x_wconf 88' lang='lat' dir='ltr'><strong>modo</strong></span> <span class='ocrx_word' id='word_1_388' title='bbox 792 4315 925 4386; x_wconf 90' lang='lat' dir='ltr'><strong>orbibus</strong></span> <span class='ocrx_word' id='word_1_389' title='bbox 949 4309 1008 4397; x_wconf 93' lang='lat' dir='ltr'><strong>D,</strong></span> <span class='ocrx_word' id='word_1_390' title='bbox 1034 4308 1069 4380; x_wconf 93' lang='lat' dir='ltr'>D</span> <span class='ocrx_word' id='word_1_391' title='bbox 1095 4313 1222 4404; x_wconf 90' lang='lat' dir='ltr'><strong>imponi</strong></span> <span class='ocrx_word' id='word_1_392' title='bbox 1248 4313 1398 4406; x_wconf 80' lang='lat' dir='ltr'><strong>possunt,</strong></span> <span class='ocrx_word' id='word_1_393' title='bbox 1423 4336 1565 4406; x_wconf 88' lang='lat' dir='ltr'><strong>quorum</strong></span> <span class='ocrx_word' id='word_1_394' title='bbox 1590 4335 1667 4386; x_wconf 84' lang='lat' dir='ltr'><strong>atres</strong></span> <span class='ocrx_word' id='word_1_395' title='bbox 1692 4313 1748 4400; x_wconf 82' lang='lat' dir='ltr'><strong>F,</strong></span> <span class='ocrx_word' id='word_1_396' title='bbox 1776 4313 1832 4402; x_wconf 81' lang='lat' dir='ltr'><strong>F,</strong></span> <span class='ocrx_word' id='word_1_397' title='bbox 1857 4315 2024 4390; x_wconf 88' lang='lat' dir='ltr'><strong>versantur</strong></span> <span class='ocrx_word' id='word_1_398' title='bbox 2045 4323 2083 4390; x_wconf 91' lang='lat' dir='ltr'><strong>in</strong></span> 
     </span>
     <span class='ocr_line' id='line_1_40' title="bbox 546 4407 2084 4506; baseline 0 -20"><span class='ocrx_word' id='word_1_399' title='bbox 546 4410 715 4486; x_wconf 80' lang='lat' dir='ltr'><strong>carchesiis</strong></span> <span class='ocrx_word' id='word_1_400' title='bbox 740 4413 913 4503; x_wconf 88' lang='lat' dir='ltr'><strong>quadratis.</strong></span> <span class='ocrx_word' id='word_1_401' title='bbox 961 4407 1107 4506; x_wconf 89' lang='lat' dir='ltr'><strong>Quando</strong></span> <span class='ocrx_word' id='word_1_402' title='bbox 1138 4412 1226 4481; x_wconf 89' lang='lat' dir='ltr'><strong>enim</strong></span> <span class='ocrx_word' id='word_1_403' title='bbox 1254 4414 1322 4482; x_wconf 87' lang='lat' dir='ltr'><strong>axis</strong></span> <span class='ocrx_word' id='word_1_404' title='bbox 1350 4411 1382 4482; x_wconf 87' lang='lat' dir='ltr'>A</span> <span class='ocrx_word' id='word_1_405' title='bbox 1413 4413 1569 4486; x_wconf 90' lang='lat' dir='ltr'><strong>diameter</strong></span> <span class='ocrx_word' id='word_1_406' title='bbox 1591 4411 1638 4483; x_wconf 91' lang='lat' dir='ltr'><strong>est</strong></span> <span class='ocrx_word' id='word_1_407' title='bbox 1661 4411 1704 4482; x_wconf 89' lang='lat' dir='ltr'><strong>ad</strong></span> <span class='ocrx_word' id='word_1_408' title='bbox 1728 4412 1921 4484; x_wconf 89' lang='lat' dir='ltr'><strong>diametrum</strong></span> <span class='ocrx_word' id='word_1_409' title='bbox 1947 4415 2084 4488; x_wconf 89' lang='lat' dir='ltr'><strong>orbium</strong></span> 
     </span>
     <span class='ocr_line' id='line_1_41' title="bbox 548 4506 2082 4604; baseline -0.001 -21"><span class='ocrx_word' id='word_1_410' title='bbox 548 4509 612 4604; x_wconf 88' lang='lat' dir='ltr'><strong>C,</strong></span> <span class='ocrx_word' id='word_1_411' title='bbox 645 4508 709 4594; x_wconf 88' lang='lat' dir='ltr'><strong>C,</strong></span> <span class='ocrx_word' id='word_1_412' title='bbox 741 4511 787 4580; x_wconf 92' lang='lat' dir='ltr'><strong>uti</strong></span> <span class='ocrx_word' id='word_1_413' title='bbox 810 4530 824 4577; x_wconf 89' lang='lat'>1</span> <span class='ocrx_word' id='word_1_414' title='bbox 849 4508 892 4580; x_wconf 88' lang='lat' dir='ltr'><strong>ad</strong></span> <span class='ocrx_word' id='word_1_415' title='bbox 920 4528 994 4594; x_wconf 88' lang='lat'><strong>20,</strong></span> <span class='ocrx_word' id='word_1_416' title='bbox 1026 4526 1094 4578; x_wconf 92' lang='lat' dir='ltr'><strong>turn</strong></span> <span class='ocrx_word' id='word_1_417' title='bbox 1121 4510 1191 4578; x_wconf 89' lang='lat' dir='ltr'><strong>axis</strong></span> <span class='ocrx_word' id='word_1_418' title='bbox 1208 4506 1243 4578; x_wconf 86' lang='grc' dir='ltr'>Α</span> <span class='ocrx_word' id='word_1_419' title='bbox 1262 4509 1455 4582; x_wconf 89' lang='lat' dir='ltr'><strong>incumbens</strong></span> <span class='ocrx_word' id='word_1_420' title='bbox 1478 4509 1612 4581; x_wconf 91' lang='lat' dir='ltr'><strong>orbibus</strong></span> <span class='ocrx_word' id='word_1_421' title='bbox 1638 4507 1702 4602; x_wconf 88' lang='lat' dir='ltr'><strong>C,</strong></span> <span class='ocrx_word' id='word_1_422' title='bbox 1729 4508 1791 4595; x_wconf 86' lang='lat' dir='ltr'><strong>C,</strong></span> <span class='ocrx_word' id='word_1_423' title='bbox 1815 4509 1883 4601; x_wconf 89' lang='lat' dir='ltr'><strong>ipse</strong></span> <span class='ocrx_word' id='word_1_424' title='bbox 1908 4532 2022 4586; x_wconf 84' lang='lat' dir='ltr'><strong>motus</strong></span> <span class='ocrx_word' id='word_1_425' title='bbox 2046 4514 2082 4582; x_wconf 89' lang='lat' dir='ltr'><strong>in</strong></span> 
     </span>
    </p>
   </div>
   <div class='ocr_carea' id='block_1_6' title="bbox 542 4603 2085 4778">
    <p class='ocr_par' dir='ltr' id='par_1_7' title="bbox 542 4603 2085 4778">
     <span class='ocr_line' id='line_1_42' title="bbox 542 4603 2085 4778; baseline -0.001 -96"><span class='ocrx_word' id='word_1_426' title='bbox 542 4606 724 4682; x_wconf 85' lang='lat' dir='ltr'><strong>rotundum</strong></span> <span class='ocrx_word' id='word_1_427' title='bbox 743 4623 847 4682; x_wconf 86' lang='lat' dir='ltr'><strong>uertet</strong></span> <span class='ocrx_word' id='word_1_428' title='bbox 878 4605 975 4680; x_wconf 88' lang='lat' dir='ltr'><strong>orbes</strong></span> <span class='ocrx_word' id='word_1_429' title='bbox 995 4603 1048 4694; x_wconf 90' lang='lat' dir='ltr'><strong>C,</strong></span> <span class='ocrx_word' id='word_1_430' title='bbox 1073 4603 1125 4694; x_wconf 88' lang='lat' dir='ltr'><strong>C,</strong></span> <span class='ocrx_word' id='word_1_431' title='bbox 1149 4605 1228 4681; x_wconf 88' lang='lat' dir='ltr'><strong>ideo</strong></span> <span class='ocrx_word' id='word_1_432' title='bbox 1249 4609 1375 4682; x_wconf 83' lang='lat' dir='ltr'><strong>attritus</strong></span> <span class='ocrx_word' id='word_1_433' title='bbox 1394 4609 1505 4690; x_wconf 77' lang='lat' dir='ltr'><strong>atium</strong></span> <span class='ocrx_word' id='word_1_434' title='bbox 1527 4605 1671 4726; x_wconf 78' lang='lat' dir='ltr'><strong>duorum</strong></span> <span class='ocrx_word' id='word_1_435' title='bbox 1694 4605 1747 4696; x_wconf 87' lang='lat' dir='ltr'><strong>E,</strong></span> <span class='ocrx_word' id='word_1_436' title='bbox 1773 4605 1830 4698; x_wconf 82' lang='lat' dir='ltr'><strong>E,</strong></span> <span class='ocrx_word' id='word_1_437' title='bbox 1847 4607 1902 4684; x_wconf 83' lang='lat' dir='ltr'><strong>cll</strong></span> <span class='ocrx_word' id='word_1_438' title='bbox 1925 4611 1969 4685; x_wconf 83' lang='lat' dir='ltr'><strong>ad</strong></span> <span class='ocrx_word' id='word_1_439' title='bbox 1992 4609 2085 4778; x_wconf 51' lang='lat' dir='ltr'><strong>effi</strong></span> 
     </span>
    </p>
   </div>
   <div class='ocr_carea' id='block_1_7' title="bbox 0 0 2274 6072">
    <p class='ocr_par' dir='ltr' id='par_1_8' title="bbox 0 0 2274 6072">
     <span class='ocr_line' id='line_1_43' title="bbox 0 0 2274 6072; baseline 0 0"><span class='ocrx_word' id='word_1_440' title='bbox 0 0 2274 6072; x_wconf 95' lang='lat' dir='ltr'><strong> </strong></span> 
     </span>
    </p>
   </div>
  </div>
 </body>
</html>
