4538 6072
563 352 620 440 μ
771 317 863 408 un
901 307 1122 416 noco:
1146 257 1608 411 sumnonem
1644 306 1867 396 Moru.-

564 537 688 610 corpus
702 519 736 589 in
750 515 840 588 Adre
856 513 962 585 aliove
981 505 1144 580 resiliente
1165 503 1268 576 fluido
1298 523 1478 616 moveatur.
1515 513 1569 594 4⁰.
1595 502 1630 578 si
1643 503 1789 580 offendat
1803 505 1904 579 multa
1925 501 1977 588 vel
1994 523 2109 606 magna

565 637 707 709 corpora
740 616 803 686 srva
827 609 1048 706 quiescentia,
1073 601 1125 675 vel
1146 599 1276 673 adversa
1305 598 1482 670 dtremone
1504 601 1577 674 lata.

620 735 652 833 §-
684 731 779 805 cci.
811 726 916 824 Quod
949 739 1100 795 mouetur
1126 739 1268 810 corpus,
1293 735 1335 786 en
1360 733 1451 806 parte
1479 715 1580 806 Spatii
1609 717 1642 786 in
1666 735 1791 807 partem
1818 717 2021 790 transfertur:
2046 719 2103 790 Est

568 835 641 908 bac
672 829 831 902 nunllatio
865 823 999 895 effectus
1025 819 1142 900 realis,
1167 817 1277 907 quiin
1307 832 1448 904 corpore
1473 811 1599 882 causam
1637 814 1754 888 realem
1787 818 1938 906 requirit:
1965 815 2041 893 haec
2060 815 2103 886 eii

570 933 743 1026 potentia,
765 924 879 997 velnis
898 919 1047 992 deferens
1069 921 1215 1006 corpus:
1241 909 1392 1002 adeoque
1408 907 1454 980 est
1471 907 1530 980 Vis
1554 910 1608 996 id,
1634 912 1725 1000 quod
1750 911 1846 999 facit,
1873 932 1909 984 ut
1934 933 2105 1004 corpusex

568 1031 649 1102 loco
677 1031 710 1098 in
740 1024 851 1094 locum
881 1015 1034 1089 transeat:
1070 1009 1106 1083 δι
1134 1031 1254 1104 corpus
1282 1007 1410 1099 insuper
1433 1005 1580 1098 acquimt
1601 1003 1786 1080 facultatem
1816 1011 1851 1080 in
1869 1007 1944 1086 alia
1966 1032 2120 1102 corpora¹

567 1125 743 1224 ‘operandi
1057 1146 1059 1155 ·
2100 1149 2103 1156 ¹

622 1239 655 1330 §.
681 1233 791 1308 CCll.
856 1230 910 1300 uid
933 1247 1012 1300 vero
1023 1213 1075 1295 'est
1089 1223 1161 1294 haec
1178 1219 1266 1294 Vis‘l
1291 1239 1334 1289 an
1349 1215 1395 1287 eft
1411 1213 1481 1286 Ens
1498 1212 1691 1303 Phyficumi
1716 1237 1757 1287 an
1773 1213 1941 1288 substantia
1958 1219 2109 1308 quadarn

574 1331 814 1414 immaterialis,
900 1327 953 1397 cni
976 1321 1064 1396 nulla
1076 1322 1257 1413 proprietas
1281 1317 1421 1386 matetiae
1448 1312 1551 1396 inest,
1574 1313 1622 1382 uri
1637 1313 1786 1384 nonnulli
1808 1313 1956 1384 hodierni
1973 1314 2108 1386 asserue-

572 1435 629 1508 re?
655 1434 708 1503 An
736 1428 810 1500 idea
826 1427 967 1518 primurn
990 1439 1142 1515 poetata
1157 1420 1191 1487 in
1212 1433 1322 1485 mente
1338 1409 1548 1505 intelligenti,
1574 1406 1693 1479 deinde
1712 1432 1788 1480 cum
1808 1412 2003 1501 corporibus
2016 1432 2108 1484 corn.

572 1534 756 1613 muniente,
781 1543 879 1614 atque
899 1541 941 1590 ex
964 1519 1082 1589 unuin
1103 1512 1191 1585 aliud
1211 1507 1389 1582 transiens?
1415 1511 1461 1578 uti
1477 1505 1556 1576 olim
1574 1503 1799 1577 Cronlandus:
1824 1510 1879 1578 An
1893 1506 1938 1577 est
1957 1509 2107 1600 quaedarn

567 1631 755 1724 proprietas
770 1618 966 1712 corporibus
981 1609 1171 1684 inherens?
1186 1607 1280 1680 Nihil
1295 1606 1414 1678 borum
1428 1607 1575 1684 omnium
1588 1599 1675 1678 clare
1685 1603 1892 1700 intelligitur,
1909 1625 1964 1676 aut
1979 1608 2039 1678 rite
2054 1607 2111 1678 de.

571 1724 766 1800 monstrari
788 1713 913 1807 potest:
946 1707 1108 1801 prestabit
1129 1707 1227 1800 igitur
1255 1703 1309 1774 hic
1336 1705 1454 1774 mentis
1488 1704 1667 1774 caecitatem
1698 1695 1920 1794 &stuporem
1941 1703 2109 1791 confiteri,

572 1843 700 1917 quam,
726 1814 817 1908 quod
834 1815 992 1883 incertum
1018 1803 1054 1876 ἃ
1072 1805 1276 1897 incognitum
1292 1799 1359 1886 est,
1385 1795 1565 1870 adseruille.

620 1927 652 2028 p.
678 1923 805 2000 CCill.
830 1919 1000 2022 Quantum
1021 1917 1190 2006 bucusque
1212 1911 1402 2004 Philosophi
1426 1911 1647 1998 meditando,
1683 1907 1719 1984 ἃ
1745 1910 1945 1986 obseruando
1966 1917 2112 1988 invenire

569 2043 759 2124 pomemnt.
791 2042 837 2094 1⁰.
864 2018 926 2090 Vel
947 2015 1006 2088 Vis
1023 2013 1216 2105 corporibus
1242 2010 1388 2082 solitariis
1404 2005 1440 2078 ἃ
1453 2010 1571 2102 quietis
1596 2007 1677 2080 inest
1698 2029 1766 2080 non
1781 2029 1950 2101 operans,
1978 2009 2110 2104 &quac

572 2125 768 2218 quibusdam
791 2123 825 2191 in
855 2115 1105 2195 occafionibus,
1130 2132 1210 2202 quas
1232 2129 1373 2200 corpora
1391 2108 1634 2199 propinquitate
1645 2108 1841 2198 corporibus
1861 2108 2029 2199 praebent,
2055 2131 2114 2180 ex·

573 2226 712 2307 citatur,
737 2217 868 2310 editque
896 2211 1059 2285 essedum.
1108 2227 1161 2283 ιο.
1186 2205 1250 2278 Vel
1274 2204 1335 2276 Vis
1352 2207 1529 2296 quantitate
1552 2203 1677 2276 infinita
1704 2205 1836 2296 corpori
1850 2205 1896 2274 eli
1918 2205 2037 2285 infusa,
2062 2206 2114 2276 id·

571 2343 638 2414 que
663 2322 809 2411 quietum
838 2311 1081 2408 quoquoversus
1113 2303 1284 2398 acqualiter
1313 2305 1399 2399 agit,
1425 2301 1480 2373 fed
1500 2301 1541 2372 ab
1568 2303 1763 2392 impactione
1788 2301 1840 2373 vel
1864 2304 2112 2392 propinquitate

570 2439 749 2512 corporum
778 2415 918 2486 aliorum
948 2410 1096 2505 dirigitur
1115 2403 1257 2495 aliquam
1278 2403 1385 2473 versus
1406 2397 1556 2494 plagam,
1581 2415 1680 2488 atque
1703 2399 1769 2472 boc
1783 2398 1887 2468 modo
1909 2395 1967 2466 Vis
1989 2419 2115 2486 corpus

568 2535 616 2588 ex
636 2516 715 2586 loco
744 2516 778 2584 in
799 2513 910 2584 locum
933 2525 1092 2582 moveret.
1135 2523 1187 2595 30.
1215 2499 1278 2572 Vel
1301 2495 1398 2570 Vis‘u
1413 2495 1508 2568 causa
1524 2513 1657 2567 exrema
1674 2513 1834 2584 corporea
1846 2512 1901 2560 aut
1917 2494 2117 2581 incorporea

565 2614 704 2684 aliunde
731 2610 877 2688 accedit,
901 2629 943 2676 ex
973 2627 1037 2690 qua
1063 2599 1293 2668 transfunditur
1317 2599 1535 2680 incorpora,
1562 2613 1640 2678 quae
1659 2593 1724 2660 uim
1741 2591 1918 2677 quantitate
1936 2587 2116 2662 admodum

571 2705 735 2777 differenti
763 2702 944 2788 recipiunt,
968 2713 1078 2782 eoque
1103 2691 1201 2779 padio
1233 2687 1396 2757 celeritate
1429 2686 1516 2754 varia
1540 2701 1723 2754 moventur.
1773 2684 1900 2755 sedne
1918 2684 2030 2754 harum
2046 2685 2117 2759 sen·

574 2803 746 2873 sentiarum
777 2793 949 2864 subtilitate
970 2787 1228 2864 conturbemur:
1254 2780 1347 2874 Quia
1373 2781 1460 2850 eninr
1489 2777 1658 2866 hucusque
1682 2779 1849 2870 ignoratur
1869 2779 1950 2868 quid
1975 2781 2010 2850 stt
2035 2781 2118 2870 Vis,

571 2917 683 2988 neque
700 2891 760 2962 Vis
770 2889 826 2960 sub
843 2887 983 2958 sensibus
1004 2882 1110 2968 cadit,
1126 2879 1206 2951 nihil
1220 2877 1339 2948 horum
1351 2873 1539 2946 assertorum
1555 2872 1785 2954 demonstrari,
1811 2876 1857 2944 uti
1872 2895 1930 2965 par
1951 2897 2037 2962 erat,
2053 2901 2121 2970 po.

576 2993 659 3077 test,
684 2990 761 3061 ideo
777 2985 903 3058 nullum
921 2983 1105 3080 elegimus,
1137 2999 1200 3048 nec
1222 2973 1364 3064 amplexi
1388 2971 1505 3044 sumus.
1554 2968 1621 3042 Sed
1642 2989 1719 3040 curn
1741 2966 1874 3040 effedius
1898 2974 2033 3058 virium,
2060 2979 2122 3068 qui

455 3155 457 3158 .
557 3091 648 3166 -sunt
660 3107 771 3160 motus
786 3105 994 3176 corporum,
1019 3081 1054 3150 in
1072 3074 1180 3148 sensus
1197 3075 1383 3156 incurrunt,
1410 3065 1733 3140 &observationibus
1746 3087 1878 3154 putenm
1896 3071 2119 3157 opinionibus

422 3331 550 3402 rausi.

420 3437 484 3520 Εἰς.
499 3451 547 3501 11.

312 4535 316 4547 Ι
426 4525 514 4680 hb·
524 4601 564 4672 11.
638 4584 671 4689 §-
695 4581 824 4686 CCVl.
849 4575 969 4682 llllotus
990 4570 1125 4666 ssmplex
1147 4567 1348 4646 anunnullis
1364 4563 1570 4660 Pudosophis
1582 4561 1734 4638 dividitur
1747 4563 1782 4636 in
1794 4559 1928 4640 Motum
1940 4560 2121 4648 directum,

574 3189 717 3273 sedetis,
742 3185 829 3269 hisce
841 3181 989 3254 contenti
1006 3178 1103 3248 limus
1119 3189 1263 3266 oportet.
1588 3265 1593 3272 ¹

628 3302 660 3392 §.
686 3295 813 3370 CClV.
838 3293 958 3364 Omnis
974 3307 1105 3371 motus,
1130 3300 1298 3372 utcunque
1319 3277 1407 3350 celet
1423 3277 1539 3362 fuerit,
1564 3276 1648 3348 sitin
1664 3293 1831 3367 ternpore,
1857 3297 1918 3347 nec
1938 3275 2025 3348 ullus
2043 3299 2118 3352 mo·

580 3421 632 3474 tus
648 3397 718 3467 lieri
732 3390 837 3485 potest
850 3393 884 3461 itt
902 3387 1046 3459 instanti:
1067 3381 1114 3456 Ut
1127 3385 1217 3452 enirn
1232 3397 1354 3469 corpus
1369 3380 1402 3447 A
1420 3393 1586 3466 percurrat
1598 3374 1717 3445 lineam
1731 3373 1815 3460 AB,
1838 3394 1914 3445 curn
1932 3374 2123 3453 transfertur

580 3519 624 3570 ex
647 3497 680 3566 A
705 3496 740 3563 in
765 3490 821 3574 C,
846 3484 947 3558 elliuit
980 3501 1127 3576 tempus,
1151 3480 1200 3550 uti
1220 3472 1256 3548 δι
1278 3477 1356 3548 dum
1378 3493 1528 3547 movetur
1547 3493 1589 3545 ert
1613 3471 1646 3544 C
1670 3474 1705 3543 in
1731 3471 1791 3557 D,
1816 3492 1857 3542 ex
1880 3469 1915 3542 D
1942 3474 1975 3544 in
1997 3471 2053 3562 E,
2079 3496 2122 3547 ex

552 3584 950 3670 promerentis.
1021 3593 1023 3598 '

629 3707 661 3808 ς.
687 3703 797 3779 CCV.
823 3701 916 3776 Solet
939 3721 1061 3792 corpus
1087 3698 1219 3788 concipi
1243 3691 1339 3764 instar
1359 3692 1493 3781 puncti,
1516 3689 1582 3760 hoc
1606 3707 1683 3759 cum
1704 3703 1874 3770 movetur,
1899 3690 2061 3778 percurrit
2082 3687 2121 3759 li·

578 3831 698 3891 neam,
723 3825 801 3896 quae
824 3803 911 3871 resia
929 3800 1011 3884 erit,
1038 3795 1060 3866 fi
1089 3813 1199 3865 motus
1219 3791 1332 3884 punfii
1353 3787 1489 3880 fimplex
1511 3786 1627 3858 suerit:
1651 3783 1866 3874 quamobrem
1887 3803 2007 3871 corpus
2027 3804 2123 3856 motu

578 3904 715 3996 simplici
749 3899 912 3981 delatum,
938 3897 973 3966 in
1002 3893 1087 3964 linea
1117 3894 1204 3962 reeta
1234 3888 1445 3986 monebitur‚‚
1463 3881 1599 3955 durante
1628 3898 1733 3951 motu.
1783 3873 1979 3966 Huiusmodi
2005 3901 2121 3953 motus

560 4001 715 4094 simplex
737 3997 931 4091 plerumque
959 3992 1002 4062 ab
1023 4010 1088 4059 una
1110 3986 1256 4078 potentia
1283 3983 1486 4074 producitur.
1536 3980 1570 4050 Si
1587 3997 1713 4074 ¹corpus
1729 3976 1762 4044 in
1777 3969 1894 4043 Vacuo
1911 3973 2050 4064 stmplici
2073 3979 2121 4048 le·

581 4122 667 4172 ratur
688 4118 801 4180 motu,
826 4096 859 4162 in
881 4085 1075 4160 rectilinea
1101 4082 1226 4172 semper
1243 4081 1369 4152 moueri
1395 4077 1630 4170 perseveraret,
1655 4073 1732 4163 quia
1753 4073 1787 4142 in
1804 4091 1910 4142 vacuo
1924 4071 2038 4144 'causae
2065 4096 2121 4147 aut

554 4219 652 4270 ·non
682 4196 767 4276 sunt,
793 4207 938 4261 autnon
960 4179 1223 4262 confideruntur,
1249 4197 1327 4269 quae
1345 4197 1468 4268 corpus
1481 4175 1522 4246 ab
1539 4169 1691 4244 inchoati
1708 4169 1758 4240 vid
1772 4165 1959 4240 dellefiunt.
1986 4168 2119 4266 Quam·

580 4298 630 4368 uis
651 4313 771 4386 corpus
789 4285 923 4376 simplici
945 4297 1040 4354 motu
1064 4277 1164 4348 latum
1183 4279 1216 4347 in
1241 4273 1326 4347 linea
1346 4275 1433 4344 recia
1447 4288 1639 4353 moueatur,
1664 4267 1740 4338 idco
1755 4265 1954 4336 credendum
1967 4289 2036 4339 non
2052 4269 2121 4357 est,

581 4413 703 4482 corpus
731 4393 766 4460 in
789 4379 984 4458 linearem
1007 4395 1162 4459 motum,
1188 4373 1312 4464 semper
1336 4371 1471 4462 simplici
1491 4387 1584 4440 motu
1615 4365 1714 4450 serti,
1739 4361 1945 4434 ostendemus
1971 4365 2121 4442 enimin

582 4487 672 4582 Cap.
699 4487 771 4572 XI,
795 4501 917 4570 corpus
937 4473 1150 4566 admodmum
1171 4470 1355 4562 compofito
1373 4490 1466 4540 motu
1487 4470 1521 4538 in
1546 4466 1631 4538 linea
1653 4465 1739 4536 tedia
1760 4465 1848 4550 saepe
1864 4465 2067 4552 promoveri.

2085 4656 2121 4732 dt

437 4713 559 4796 Fla-¹²·
608 4766 639 4807 m
