4282 5962
480 323 538 403 34
646 286 758 375 nn
822 216 1256 368 corrosa
1313 275 1409 362 tu
1466 277 1846 372 namara

374 469 381 479 ’
477 490 542 562 leat
564 488 695 576 concipi
727 479 866 551 aeaeae
888 474 1033 568 ejusdem
1058 475 1215 569 generis,
1239 471 1491 547 demonstratum
1514 497 1582 549 non
1596 477 1672 564 eli,
1704 502 1836 555 omnem
1867 485 2019 560 resisten-

481 591 557 659 tiam
578 584 696 655 amoni
717 576 883 647 adversam.
902 572 1047 665 ejusdem
1072 571 1135 640 else
1158 590 1305 653 naturae,
1330 572 1429 643 veluti
1442 594 1520 643 cum
1540 574 1665 666 spiritus
1690 578 1724 649 in
1741 601 1881 672 corpora
1897 605 2022 675 opera·

485 704 560 755 tur:
586 677 798 770 quamobrem
817 672 870 743 bic
886 670 1063 741 intelleclui
1080 670 1223 740 humano
1239 667 1356 739 limites
1370 668 1435 740 else
1446 671 1569 761 positos
1588 672 1678 744 lateri
1696 678 1874 768 praeilabit.

530 789 562 886 q.
588 784 788 860 LXXXIII.
811 783 884 854 Erit
909 804 989 879 ergo
1013 781 1239 874 corpusculum
1267 785 1436 856 minimum
1471 788 1636 859 extensum
1653 842 1669 875 ,
1697 791 1865 879 soIIdum,
1912 800 2023 868 conti·

482 909 602 969 nuum,
629 886 690 957 srve
706 905 826 967 unum,
853 902 950 973 atquc
969 883 1003 951 in
1022 878 1301 974 omnialstgnabiii
1321 885 1445 972 punilo
1457 883 1602 976 ejusdcm
1622 886 1806 961 soliditatis:
1832 915 1906 964 narn
1925 899 2026 986 quic·

484 984 564 1077 quid
591 983 692 1055 estin
716 1003 856 1071 corpore
881 979 1047 1061 solidum,
1080 995 1212 1047 exercet
1233 976 1390 1049 infinitam
1416 980 1644 1055 resrllentiam:
1694 987 1760 1057 Sed
1781 988 1856 1060 licet
1879 989 2023 1061 solidum

482 1102 602 1172 corpus
625 1104 650 1150 a.
663 1079 767 1150 solido
789 1078 949 1169 penetrari
975 1094 1143 1166 nequeat,
1166 1096 1209 1145 an
1223 1075 1340 1147 anulla
1361 1078 1422 1148 alia
1444 1078 1616 1151 substando
1636 1102 1822 1173 penetratur
1838 1137 1853 1170 ,.
1879 1109 1935 1157 aut
1959 1110 2025 1179 pc-

482 1183 598 1249 narrari
619 1175 757 1269 potest?
793 1174 830 1244 ld
852 1175 917 1244 huc
939 1193 1042 1262 usque
1065 1192 1271 1263 compertum
1288 1174 1436 1260 nonest,
1461 1173 1496 1245 dt
1520 1175 1605 1249 sorte
1629 1183 1725 1253 etiam
1746 1183 1871 1275 semper
1884 1204 2024 1274 captum·

480 1276 657 1347 Iatrrrranunr
681 1272 872 1365 superabit,
907 1273 982 1362 quia
1001 1271 1114 1340 omnia
1132 1268 1372 1342 substantiarum
1396 1294 1517 1368 genera
1534 1297 1603 1347 non
1625 1276 1700 1348 sunt.
1710 1279 1887 1371 explorata.

533 1388 563 1486 p.
591 1384 788 1460 LXXXIV.
815 1385 979 1455 Omnibus
996 1381 1260 1454 minimis-soiidIs
1274 1384 1425 1454 attributa
1450 1386 1636 1455 universam
1656 1392 1777 1464 insunt..
1828 1393 2027 1490 ignoramus

482 1508 590 1560 arntcn
612 1508 718 1559 utrum
739 1486 870 1554 minima
894 1480 953 1552 srnt
981 1480 1127 1570 ejusdem
1150 1482 1416 1575 magnitudinis,
1441 1505 1481 1553 an
1505 1482 1673 1557 diversae?
1715 1511 1755 1561 an
1782 1512 1847 1562 una
1870 1495 2026 1564 onmium-.-

480 1586 585 1681 figura
613 1584 668 1667 srt,
695 1605 734 1650 an
762 1578 913 1649 differat?
940 1579 996 1647 srbi
1018 1577 1129 1647 srmilia
1148 1572 1185 1648 dt
1204 1576 1387 1650 indiscretae
1411 1578 1554 1677 effigiei,
1589 1602 1631 1653 an
1654 1583 1809 1658 disimilis
1833 1589 1924 1659 sint?
1961 1612 2028 1660 cu-

477 1683 605 1776 jusnam
626 1678 855 1773 magnitudinis
880 1675 940 1747 fint
963 1674 1107 1766 respeslu
1128 1675 1247 1768 objesli
1264 1677 1413 1773 cogniti?
1438 1676 1526 1749 Nam
1543 1698 1608 1769 ope
1622 1680 1922 1775 Microscopiorum
1939 1686 2026 1758 huc·

480 1800 586 1869 usqne
616 1773 866 1846 sabresaclornm
898 1793 1106 1866 nequaquam
1133 1774 1245 1843 ultima
1275 1773 1464 1865 conspicere
1485 1774 1662 1866 possumus.
1726 1778 1782 1851 Ex
1811 1785 1936 1854 radone
1961 1805 2026 1855 au·

484 1894 551 1946 tem
568 1874 715 1946 absolute
738 1871 817 1942 nibil
838 1872 880 1941 de
905 1874 954 1941 Iris
970 1870 1168 1942 concludere
1194 1870 1291 1957 licet,
1317 1873 1479 1963 quitquid
1494 1872 1710 1967 Metaphyfici
1733 1880 1768 1948 in
1792 1878 1857 1950 hoc
1877 1883 2029 1953 themate·
2059 1872 2063 1891 ³

483 1992 644 2044 tentarmt.

531 2070 614 2142 Sunt
636 2073 697 2160 qui
722 2067 837 2139 volunt
859 2069 968 2139 omnia
982 2067 1159 2139 necessario
1179 2064 1244 2137 eise
1267 2065 1416 2140 discretae
1439 2069 1586 2165 effigiei:
1614 2070 1697 2142 Sunt
1717 2076 1779 2163 qui
1791 2074 1933 2146 asserunt·
1947 2099 2030 2149 orn*

481 2167 701 2336 illisis
714 2160 1158 2357 {sirasirim
1177 2163 2033 2356 sssbs'slissssslllssssssssisslffr}

1508 2314 1527 2352 5.

407 2359 419 2381 ⁸
481 2363 729 2458 magnitudinis..
1443 2432 1446 2439 ,
1517 2362 1527 2383 ’

528 2472 560 2572 s.
587 2470 773 2567 LXXXV.
794 2470 994 2541 Ultimorum
1021 2487 1137 2540 autem.
1161 2468 1339 2541 solidomm
1362 2470 1554 2566 magnitudo
1576 2468 1615 2543 dc
1636 2472 1771 2569 ligarat
1792 2474 1858 2546 Ibla
1881 2474 1948 2549 Dei
1963 2502 2032 2552 vo·

480 2573 605 2644 lentate
620 2571 763 2657 pendet,
789 2570 845 2651 qui
874 2587 944 2632 eam
963 2569 996 2631 In
1016 2569 1180 2632 creatione
1196 2564 1311 2645 talem,
1338 2586 1406 2631 non
1428 2566 1528 2635 aliam¹
1543 2568 1606 2636 esse
1631 2570 1755 2640 voluit:
1779 2572 1930 2665 adeoque
1951 2579 2032 2648 inu·

480 2667 528 2737 rili
550 2664 715 2757 diligentia
735 2654 772 2726 dt
787 2656 958 2727 Ibbtilirate
979 2658 1031 2727 hic
1047 2660 1206 2751 exigimus
1222 2658 1411 2743 rationem,
1425 2680 1563 2751 propter
1577 2684 1675 2755 quam
1696 2664 1767 2737 haec
1783 2670 1835 2738 ita.
1848 2671 1934 2741 fintt.
1950 2671 2032 2745 De-

479 2764 603 2833 bebunt
624 2759 738 2827 ultima
760 2752 899 2841 aliquam
928 2754 1047 2822 habere
1074 2753 1330 2848 magnitudinem
1352 2749 1388 2823 dt
1414 2756 1549 2853 figuram
1566 2810 1585 2848 ,
1611 2765 1693 2853 qula.
1715 2763 1792 2837 sunt,
1805 2769 1934 2843 extensa
1950 2770 2028 2845 fini..

484 2877 532 2929 tat
561 2856 655 2927 Deus
669 2852 759 2923 dedit
774 2852 954 2938 optimam,
981 2844 1133 2941 &scopo
1154 2848 1212 2919 suo
1235 2854 1501 2926 convenientem..

527 2969 560 3070 p.
587 2963 782 3040 LXXXVI.
809 2962 862 3035 Ex
877 2963 1077 3057 corpusculis
1096 2966 1264 3051 minimis,
1277 2966 1420 3037 concilio
1437 2970 1606 3061 appellis,
1631 2994 1778 3064 corpora·
1794 2974 1913 3067 majora
1927 3000 2022 3052 corn·

479 3090 658 3165 ponuntur.
709 3064 851 3136 Euenire
880 3062 1009 3155 potell,
1040 3080 1075 3132 ut
1107 3060 1208 3132 solida
1233 3058 1275 3131 dt.
1290 3063 1435 3132 conserta
1460 3084 1709 3138 toto-contextu
1731 3071 1890 3143 molesia
1919 3096 2031 3149 unnmr

485 3191 589 3258 usque
615 3187 655 3235 ex
671 3160 868 3252 corpusculis
889 3160 1051 3242 minImIs,
1077 3155 1223 3243 assiduis,
1249 3156 1362 3228 nullibi
1381 3162 1486 3230 inania
1512 3164 1814 3250 intercipientibus,
1840 3191 2022 3263 compona-

331 3250 447 3315 Tibil·
485 3287 556 3348 tur,
582 3261 681 3335 veluti
709 3258 759 3328 est
788 3257 892 3326 moles
917 3257 974 3342 A,
1009 3277 1050 3325 ex
1078 3277 1194 3327 acervo
1220 3256 1397 3342 aequalium
1429 3254 1776 3345 parallelepipedorum
1808 3262 1915 3335 sada:
1947 3268 2030 3341 rru-

332 3372 435 3446 ΠΜ,
482 3358 625 3457 jusmodi
656 3375 769 3426 aurem
788 3357 926 3424 omnino
955 3352 1074 3425 solidat.
1100 3372 1197 3443 atque
1220 3349 1379 3423 consertae
1403 3352 1508 3421 moles
1523 3350 1606 3421 effici
1623 3354 1719 3424 etIam
1736 3355 1867 3446 possunt
1888 3384 1930 3432 cx
1946 3386 2030 3435 cor--

486 3461 622 3553 poribus
642 3456 786 3546 quinque
804 3449 1025 3548 regularibus,
1050 3473 1129 3543 quae
1144 3449 1216 3521 sunt
1229 3448 1455 3537 Teuaedron,
1472 3447 1924 3544 Hexaedron,‚0&acdron,
1945 3456 2021 3533 Do·

487 3555 702 3635 decaedron,
728 3549 935 3622 lcosaedron.

535 3670 567 3771 §-
594 3664 812 3741 LXXXVII.
832 3666 954 3738 Verum
977 3667 1005 3737 sr'
1023 3664 1213 3756 corpuscula
1229 3664 1364 3735 minima
1386 3661 1479 3735 tilius-
1493 3662 1596 3735 sintii
1636 3689 1706 3753 rac,
1731 3688 1787 3738 aut
1805 3669 1858 3739 tali
1875 3692 2030 3749 acervata-¹

486 3771 613 3855 modo,
640 3787 675 3839 ut
693 3767 725 3837 se
742 3764 804 3835 suis
824 3764 1051 3857 superficiebus
1076 3785 1144 3833 non
1174 3763 1303 3853 penitus
1321 3781 1477 3855 tangant,
1502 3758 1557 3830 sed
1576 3764 1688 3850 aiquo
1712 3760 1788 3831 hInc
1814 3767 1891 3835 inde
1901 3772 2031 3846 distent:

487 3866 680 3951 intervallo,
708 3862 893 3953 relinquent
928 3865 1010 3932 inter
1040 3860 1139 3930 solida
1162 3860 1239 3927 allas
1264 3857 1466 3929 extensrones
1493 3878 1559 3927 non
1583 3856 1718 3944 solidas,
1743 3879 1855 3931 verum
1883 3867 2019 3957 inanes,

488 3989 561 4057 quae
577 3984 734 4036 vocantur
748 3963 883 4046 Caulae,
899 3960 1105 4040 Ilrtervalsa,
1130 3958 1230 4046 Vre,
1255 3954 1415 4047 Mearm,
1442 3956 1617 4027 Foramina
1631 3956 1773 4050 octaba,
1791 3958 1886 4031 Pori.
1912 3962 2019 4038 lllassa

334 4060 455 4129 'raaia
489 4084 529 4133 ex
554 4060 713 4153 ejusmodi
737 4058 935 4149 corpusculis
953 4052 1091 4146 &porIs
1116 4053 1253 4123 sarmata
1268 4051 1433 4122 constituit
1452 4072 1574 4143 corpus
1602 4052 1777 4145 porosum,
1806 4059 1901 4149 quale
1915 4062 1961 4132 est
1975 4064 2026 4134 B..

334 4182 397 4261 mg,
412 4196 447 4256 5··
538 4164 659 4254 Corpus
675 4178 755 4253 poro
770 4180 824 4228 um
849 4154 1011 4251 igiturest
1033 4150 1167 4243 aliquod
1193 4148 1408 4243 compostum
1422 4168 1462 4219 ert
1479 4150 1642 4241 partibus,
1668 4173 1748 4242 quae
1763 4174 1854 4225 certo
1874 4156 2029 4247 respesru.

491 4254 564 4329 sunt
588 4261 712 4341 unitae,
798 4253 871 4325 alio.
894 4252 1046 4345 respediu.
1071 4248 1245 4345 disjunllae
1270 4245 1396 4341 spatio,
1417 4244 1509 4339 quod
1533 4270 1598 4319 una
1614 4270 1689 4322 cum
1704 4250 1767 4322 illis
1785 4251 2018 4343 speciem-con-

492 4354 572 4431 daei
598 4352 725 4423 sonnat.

540 4460 570 4559 s.
585 4460 811 4533 LXXXVIII.
822 4463 911 4533 Cum
923 4466 1077 4558 erri'guurn
1091 4461 1201 4534 locum
1211 4460 1311 4533 multa
1321 4459 1512 4554 corpuscula
1528 4462 1749 4556 impleverint,
1759 4460 1873 4558 Densa
1887 4464 1932 4535 est
1945 4487 2027 4538 mo·-

484 4558 556 4634 Iesa.
574 4559 701 4634 cumm
716 4559 820 4631 multo
836 4561 922 4630 inani
939 4582 1047 4651 pauca
1067 4559 1368 4656 suntcorpuscula,
1385 4560 1544 4637 Raraeil
1559 4561 1663 4637 moles
1680 4585 1690 4634 ε
1716 4582 1784 4657 qtto
1804 4563 1839 4635 In
1855 4564 2025 4638 minoremr

1967 4659 2028 4737 le»
