4282 5962
362 292 482 379 nn
566 287 1480 383 suncantctrnrm
1600 308 1683 408 an

160 508 233 580 ope
257 488 414 579 plumulae
433 484 586 559 ‚stabularis
610 488 702 578 supra
720 485 866 557 medium
890 482 1066 577 superficiei
1096 506 1214 576 aquam
1237 462 1428 577 exploravi,
1459 488 1525 561 vidi
1549 494 1684 567 munife-

166 586 217 656 sto
241 584 402 677 plumulas
425 582 578 674 expansas
598 582 690 655 inille
705 604 823 674 aquam
843 579 950 654 versus
971 582 1013 651 ab
1031 579 1258 654 eleclricintte:
1284 584 1415 671 quondo
1439 587 1584 676 plumula
1607 610 1685 682 pro·

163 685 239 774 pius
276 681 507 754 admovebatur
538 680 629 753 lateri
655 681 761 764 valis,
794 675 830 750 δι
859 676 1004 749 adlatus
1030 674 1066 749 dt
1091 675 1223 751 inferius
1252 677 1295 747 ad
1320 679 1455 768 Aquam
1477 685 1683 773 rapiebatur:

165 779 316 871 adeoque
340 774 534 849 elediricitas
557 781 668 867 irrepit
691 797 785 865 aeque
809 777 1011 865 inaquam,
1045 796 1084 847 ac
1109 776 1143 846 in
1168 778 1297 901 pirrum.
1341 776 1397 846 Ad
1418 776 1554 850 alterum
1579 803 1684 874 genus

168 869 1695 1065 unulniniiltfiiihh‘ilhhlslhiltisllffltlsnhlhiia

161 1066 280 1155 lenm,
313 1069 452 1161 Spiritus
490 1067 574 1139 Salis
602 1070 741 1152 marini,
773 1062 891 1137 solutio
917 1063 1085 1163 Alumims
1105 1066 1141 1135 in
1170 1067 1299 1154 Aqua,
1334 1066 1472 1157 Spiritus
1497 1068 1579 1141 Solis
1602 1074 1684 1142 Am·

169 1168 337 1253 moniaci,
371 1162 440 1238 Lac
453 1164 570 1249 dulce,
595 1161 1122 1257 Spiritusfrttmenti,praecursor,
1138 1161 1341 1253 appellatus,
1366 1162 1488 1237 Oleum
1498 1163 1688 1256 Olivarum,

170 1260 362 1356 Raparum,
394 1258 522 1346 Nucis,
540 1261 712 1352 Butynrm.
1587 1282 1591 1291 ·

217 1373 284 1444 Ad·
304 1375 434 1443 tertium
465 1391 570 1467 genus
599 1388 806 1461 corporum,
839 1389 914 1461 quae
943 1388 1014 1441 non
1045 1367 1209 1441 imbibunt
1239 1370 1274 1440 in
1299 1368 1406 1460 phiala
1429 1368 1689 1460 elediriciutem,

164 1474 308 1562 pertinet
324 1471 441 1540 vitrum
462 1466 662 1554 contusum,
690 1463 727 1537 δι
749 1487 850 1536 omne
872 1466 1162 1551 ldiodledlricum,
1194 1467 1360 1557 praecipue
1382 1466 1595 1561 generosum,
1621 1489 1691 1540 tunt

165 1567 291 1637 ‘Oleum
316 1562 475 1652 Vitrioli,
504 1565 642 1656 Spiritus
661 1559 752 1633 Nitri
783 1559 973 1649 Glauberi,
1007 1563 1145 1657 Sanguis
1172 1562 1292 1634 suillus.
1344 1563 1409 1633 Sed
1433 1562 1500 1634 hoc
1522 1565 1574 1636 vel
1600 1565 1693 1637 ssmili

165 1662 272 1734 modo
303 1682 401 1733 omne
432 1682 538 1757 genus
572 1679 750 1751 corporum
784 1658 831 1729 est
850 1659 1117 1752 explorandum,
1147 1678 1185 1730 ut
1210 1662 1243 1730 in
1268 1657 1379 1729 clalles
1404 1660 1627 1747 reducantur,
1657 1663 1694 1733 in

165 1779 308 1852 quorum
328 1760 558 1829 tenuminibus
576 1755 664 1828 haud
687 1754 787 1828 dubie
806 1756 909 1827 multu
931 1777 1019 1829 nova
1042 1751 1079 1826 dt
1103 1778 1172 1828 non
1196 1753 1329 1848 praerisa
1352 1754 1553 1850 detegentur.

194 1873 298 1945 -Non
323 1871 440 1944 dubito
470 1874 550 1962 quin
581 1871 771 1943 eletiricitas
801 1873 898 1943 etiam
924 1874 1025 1943 intret
1056 1870 1259 1943 substantiam
1282 1873 1416 1941 vitream
1440 1869 1585 1960 phialae,
1619 1892 1696 1943 num

162 1970 362 2042 extrinsecus
390 1987 526 2058 quoque
553 1967 689 2054 evolat,
721 1964 759 2038 dc
790 1967 919 2039 favente
943 1968 1133 2059 tempestate
1157 1966 1307 2038 electrica
1331 1966 1498 2057 extemplo
1523 1969 1635 2056 irrepit
1659 1970 1696 2039 in

165 2085 334 2147 manum,
369 2082 445 2152 quae
479 2062 598 2152 praello
619 2063 666 2133 est
687 2063 730 2134 ad
759 2062 899 2154 phialam
924 2065 1147 2155 capiendam,
1179 2062 1312 2156 quando
1336 2060 1448 2154 aliquo
1472 2062 1579 2135 adhuc
1604 2061 1694 2134 abest

164 2157 358 2241 intervallo,
381 2177 495 2229 verum
521 2179 592 2229 non
611 2176 735 2230 tantum
757 2158 999 2230 elecirlcitatetn
1023 2159 1159 2249 implere
1183 2160 1386 2231 substantiam
1410 2161 1505 2246 vitri,
1530 2159 1698 2230 sedetiam

165 2276 310 2346 corpora
334 2251 456 2341 infusa,
482 2273 572 2345 putet
594 2274 637 2323 eat
660 2257 754 2325 variis
775 2256 970 2345 corporibus
993 2258 1028 2326 in
1052 2255 1190 2345 phiala,
1214 2277 1288 2345 quae
1312 2255 1555 2328 electricitatem
1579 2274 1700 2352 augent

166 2351 222 2424 acl
244 2352 416 2434 minuunt,
439 2351 489 2417 uti
510 2370 552 2416 ex
575 2348 718 2418 scintilla.¹
738 2349 850 2417 electae
873 2349 1076 2420 vehementia
1098 2349 1212 2439 maj0ri
1236 2352 1395 2419 minorive
1419 2350 1592 2440 sequitur:

219 2458 372 2559 Qrando
389 2457 488 2549 Aqua
504 2453 541 2527 ἃ
563 2455 628 2526 alia
653 2454 751 2527 fluida
774 2454 847 2527 sutit
866 2458 902 2528 in
926 2457 1035 2543 phiala
1054 2459 1176 2530 vitrea:
1199 2458 1272 2525 sunt
1296 2456 1368 2529 haec
1392 2457 1493 2530 fluida
1516 2461 1558 2530 ali
1583 2482 1702 2530 uomo-

166 2564 217 2635 do
243 2556 400 2629 solitaria:
434 2574 510 2624 narn
529 2557 648 2622 vitrum
672 2552 719 2619 est
739 2550 1026 2634 rdioelettricum,
1057 2569 1093 2619 er
1132 2560 1135 2565 '
1161 2546 1262 2619 fluida
1284 2548 1430 2637 pendula
1454 2551 1506 2620 vel
1532 2482 1701 2627 ruderum

167 2681 214 2729 ex
232 2650 456 2726 idioeledlrico
481 2647 552 2717 stant
578 2644 743 2727 solitaria,
780 2644 921 2733 proinde
952 2642 1068 2735 perfun
1127 2643 1169 2715 ab
1193 2642 1401 2713 electriciote
1425 2644 1568 2735 poliunt.
1619 2647 1702 2720 Ideo

170 2757 206 2825 in
234 2747 342 2840 phiala
372 2764 450 2814 cnm
479 2760 564 2831 aqua
593 2737 732 2817 multum
756 2736 971 2813 elett'ticitatis
995 2739 1186 2833 colligitur,
1216 2738 1272 2808 sed
1294 2735 1366 2809 haec
1390 2738 1457 2829 ipsa
1481 2743 1580 2813 etiam
1604 2741 1700 2816 limul

168 2844 352 2946 ingreditur
367 2843 507 2926 vitrum,
531 2834 633 2928 idque
653 2854 731 2906 cum
754 2853 855 2904 tenue
877 2833 944 2917 fit,
966 2852 1155 2927 perreptat,
1180 2832 1380 2925 evolatque:
1403 2856 1518 2908 verum
1541 2858 1618 2911 cum
1642 2860 1700 2912 ex-

170 2942 326 3015 trinsecus
350 2936 533 3028 appoiitum
562 2930 609 3001 est
631 2926 822 3015 metallum,
847 2949 980 3021 aparte
1003 2932 1157 3003 exteriori
1180 2930 1332 3003 adventat
1354 2928 1472 3022 facile,
1500 2931 1538 3006 dt
1562 2934 1699 3032 copiose

172 3038 365 3114 eledricitas
390 3034 426 3103 in
445 3028 588 3123 phialam
601 3024 744 3109 involat.
1021 3046 1027 3057 ·

224 3153 257 3253 r.
282 3134 525 3237 peccunt.
548 3140 803 3214 prenotatam
823 3162 876 3221 ma
896 3148 899 3153 ·
922 3145 1058 3235 acopo
1090 3142 1217 3243 ngreat
1247 3112 1395 3243 amm,
1426 3150 1544 3241 parat,
1578 3148 1701 3242 quur

175 3256 281 3327 homo
312 3244 455 3319 infidens
483 3243 551 3334 pici
576 3237 789 3329 perfundatur
818 3237 849 3310 el
918 3238 1052 3326 ''tate‚
1086 3241 1186 3315 altera
1217 3264 1317 3315 manu
1338 3246 1472 3339 capiens
1496 3245 1614 3319 tubum
1637 3244 1702 3319 fer·

179 3366 297 3426 reum:
330 3342 411 3414 allus
442 3336 546 3409 homo
573 3332 644 3406 solo
668 3332 811 3406 infiste'ns
839 3336 946 3428 capiat
971 3332 1125 3409 laminam
1152 3338 1286 3411 vitream
1325 3341 1412 3413 bene
1443 3340 1604 3412 calentem
1636 3364 1702 3414 unu

177 3464 296 3527 manu,
322 3440 447 3533 primus
475 3433 579 3503 homo
601 3451 733 3502 manum
753 3430 888 3501 liberam
909 3432 1058 3522 imponat
1079 3433 1208 3507 laminae
1231 3439 1360 3523 vitreae,
1384 3436 1542 3511 secundus
1566 3439 1702 3513 liberam
1751 3464 1755 3471 ·

176 3558 310 3617 manum
325 3535 448 3607 exserat
469 3530 585 3601 tubum
603 3526 731 3611 versus,
756 3525 917 3599 electurus
942 3525 1130 3616 scintillam,
1153 3533 1253 3603 ambo
1275 3532 1484 3607 vehementer
1507 3541 1702 3609 concutiun-

179 3661 233 3712 tur
252 3638 294 3708 ab
318 3628 451 3724 explosa
470 3624 698 3708 electricitate,
723 3643 797 3714 quae
819 3625 854 3694 in
877 3624 962 3695 vitro
984 3643 1053 3695 erat
1074 3626 1229 3699 collella:
1254 3628 1363 3700 Imoii
1382 3631 1549 3720 speculum
1564 3638 1704 3706 vitreum
1859 3667 1875 3681 ·

179 3735 277 3808 fuerit
295 3728 398 3800 altero
420 3721 709 3795 latereobtetlum
729 3716 894 3808 metallo,
926 3716 1029 3790 altero
1051 3719 1149 3792 latere
1168 3721 1288 3795 limbus
1307 3724 1349 3794 ad
1371 3724 1551 3797 distantiam
1575 3728 1658 3820 poll.
1681 3753 1702 3801 a

180 3829 326 3925 margine
351 3824 389 3894 fit
410 3822 512 3905 liber,
537 3816 649 3888 medio
671 3815 765 3887 affixa
787 3815 921 3901 charta,
946 3835 1023 3888 cum
1044 3816 1152 3915 effigie
1175 3817 1330 3891 Caesaris:
1357 3816 1393 3893 dt
1417 3821 1607 3895 eleciricitas
1632 3826 1702 3896 tubi

179 3928 334 4023 dirigatur
355 3923 390 3991 in
412 3914 580 4010 speculum
600 3914 756 3998 vitreum,
780 3912 872 4004 quod
896 3933 961 4011 nna
983 3935 1082 3985 manu
1102 3934 1251 4004 tenetur,
1274 3915 1441 4011 speculum
1460 3918 1569 4013 potest
1594 3940 1703 3993 remo·

184 4024 295 4097 veria
321 4018 421 4103 tubo,
444 4014 469 4085 {i
492 4032 562 4085 tum
594 4012 667 4100 quis
690 4004 960 4082 alteriusmunus
975 4008 1115 4107 digitum
1143 4010 1265 4087 &serat
1283 4013 1319 4087 in
1341 4015 1503 4115 effigiem,
1527 4014 1702 4093 vehemen-
1816 4045 1819 4050 ·

187 4137 238 4191 ter
260 4116 302 4187 ab
326 4112 487 4184 exfinente
510 4106 644 4182 scintilla
666 4106 815 4185 elenrica
839 4108 1047 4200 percutietur.
1193 4108 1198 4117 '

236 4229 311 4302 lmo
332 4244 454 4296 tantum
474 4221 687 4294 electricitatis
708 4223 744 4292 in
769 4241 811 4292 eo
831 4217 963 4311 speculo
985 4220 1171 4319 colligitur,
1195 4243 1232 4297 ut
1256 4224 1280 4297 o
1304 4224 1421 4307 lamina
1445 4224 1540 4299 Talei
1564 4224 1702 4302 Museo·

187 4328 277 4404 vitici
296 4326 327 4394 ei
349 4325 552 4410 imponatur,
578 4313 823 4390 &electricitas
845 4314 904 4388 filo
923 4314 1029 4389 ferreo
1051 4340 1092 4389 ex
1118 4320 1249 4410 speculo
1274 4323 1427 4421 dirigatur
1450 4326 1484 4397 in
1501 4324 1702 4418 superficiem

188 4426 370 4516 supremam
391 4414 506 4501 Talei,
529 4414 570 4487 ad
593 4414 684 4510 cujus
703 4414 834 4488 alteram
857 4435 983 4506 partem
1009 4415 1056 4487 est
1078 4415 1166 4488 aliud
1190 4417 1340 4511 ferrum,
1372 4425 1407 4494 in
1433 4425 1524 4517 quod
1546 4422 1701 4496 epegficp

187 4541 239 4615 Ψ
257 4517 400 4595 imme
420 4510 534 4612 poffit,
559 4530 632 4623 mm.
646 4512 734 4589 '¹⁰1²‘
752 4534 775 4589 ²
796 4512 855 4588 5¹⁰
873 4510 981 4590 fem
1001 4513 1106 4685 sul'ffi
1121 4512 1322 4611 superficiem
1345 4516 1439 4597 Talei
1464 4523 1507 4596 ad
1527 4512 1615 4595 aliud
1637 4512 1701 4584 fer·

998 4622 1024 4637 ''
1130 4624 1163 4708 2j
1481 4634 1486 4641 ·
1606 4620 1695 4701 rum,
