4282 5962
511 273 632 363 ΒΕ
715 264 1629 379 nuoornrctrttn
1765 299 1845 394 ιη

313 475 408 570 glum
443 467 686 543 sustentaculum
713 486 920 558 corporum,
953 486 1027 556 quae
1058 462 1263 537 eledrieitate
1287 465 1480 559 perfundere
1512 471 1684 544 volumus:
1715 471 1842 550 Verum

314 572 429 641 omnin
448 568 665 637 idiodleeiticu
688 567 818 659 egregia
839 559 1058 633 sustentaculis
1071 563 1221 633 inservire
1233 562 1384 653 potsunt,
1409 568 1574 657 praecipue
1586 590 1662 639 curn
1678 568 1749 641 sunt
1764 592 1841 662 per·

313 665 435 750 fricta,
467 660 505 735 ἅ
524 663 636 735 vividae
662 662 902 733 electricitatis:
937 657 1011 729 talia
1033 657 1241 729 sustentacula
1265 658 1341 731 sunt
1361 659 1450 735 Cera
1474 661 1655 757 Sigillaria,
1689 686 1744 738 rut
1767 667 1842 739 Sul·

311 762 419 854 phur:
444 759 504 832 Pix
522 780 596 830 cum
621 756 840 850 colophonia
853 751 919 826 &o
970 754 1062 829 Cum
1078 757 1165 827 enirn
1190 754 1413 828 ldiot'eledlrica
1438 757 1510 829 sunt
1532 757 1745 831 eleetnuiutis
1767 762 1840 853 ple·

315 880 377 943 na,
402 853 497 928 affusa
519 855 709 927 electricitas
732 850 871 925 offendit
888 853 930 923 ab
947 849 1137 923 intrinsecus
1160 850 1369 925 delitescente
1391 854 1619 941 refillentianr,
1642 876 1680 928 ut
1703 854 1840 930 influere

238 992 241 997 ⁴
310 950 596 1141 lilledo?
608 948 1238 1137 dilllssllbitil‘uilflu
1260 949 1838 1125 illillui‘lbffllimn

309 1100 448 1239 prouehi
473 1164 637 1237 nequeat:
673 1143 739 1217 Sed
761 1162 930 1234 corpora,
961 1162 1037 1231 quae
1059 1164 1128 1213 non
1148 1139 1220 1215 sunt
1241 1141 1498 1231 ldioelettrica,
1528 1143 1598 1218 fere
1621 1103 1838 1221 decentioris

308 1244 473 1335 expertia,
497 1238 682 1315 affluentem
704 1238 879 1333 admittunt
898 1238 1141 1309 electricitrtem
1165 1241 1199 1312 in
1224 1257 1350 1311 meatus
1374 1235 1411 1311 dr
1433 1263 1557 1332 poros,
1582 1264 1720 1336 eamque
1735 1265 1837 1317 uana·

305 1342 441 1411 mittunt
464 1360 524 1431 per
548 1358 650 1411 totam
669 1334 938 1433 longitudinem,
972 1328 1007 1404 ἀ
1030 1337 1106 1425 quia
1127 1334 1323 1407 extrinsecus
1346 1338 1532 1410 naturaliter
1555 1341 1652 1411 etiam
1676 1360 1745 1413 non
1767 1344 1840 1414 cin·

308 1458 429 1534 guntur
448 1437 466 1505 i
493 1434 597 1506 fluido
626 1431 813 1518 elestrico,
842 1428 975 1523 poliunt
998 1432 1040 1503 ab
1063 1431 1264 1503 adventante
1288 1430 1501 1505 eledlrieiute
1524 1434 1676 1527 ampliter
1698 1437 1837 1523 ambiri,
1919 1506 1926 1520 ,

307 1534 439 1604 interim
454 1555 528 1625 quae
542 1530 731 1607 intrinsecus
745 1531 904 1621 percurrit
922 1524 1097 1611 facillime,
1122 1529 1220 1599 etiam
1243 1525 1285 1598 ad
1310 1524 1408 1601 lutera
1430 1528 1562 1622 pellitur
1586 1526 1622 1605 ἃ
1645 1533 1681 1605 in
1698 1531 1837 1606 decursu

305 1614 506 1800 efetgtinl‘ecus
523 1630 649 1745 eyolat:
672 1624 843 1725 Quantum
857 1620 1078 1699 eledricitatis
1093 1618 1398 1719 Symperieleotrica
1405 1628 1588 1721 recipiunt,
1613 1626 1838 1731 unornldio·

246 1774 252 1788 .
306 1749 328 1796 r
399 1748 465 1797 tica
487 1745 649 1799 amutont.
725 1742 728 1749 ’

304 1833 1063 2045 ,nlili‘lllblirim
1080 1834 1507 2027 lutulentum
1524 1846 1839 2017 ‘enutrite

304 2032 399 2105 facile
419 2034 541 2105 involat
559 2031 604 2105 'dt
628 2034 737 2109 euolat
761 2054 804 2106 ex
823 2056 966 2127 corpore
987 2056 1055 2106 non
1077 2030 1255 2106 eleblricot
1281 2036 1360 2107 ideo
1384 2034 1520 2111 bauer
1542 2038 1704 2111 metulliou
1725 2038 1839 2131 jacent

304 2133 341 2202 in
363 2128 524 2220 sulphure
548 2129 602 2203 vel
621 2130 724 2215 Pice,
750 2151 771 2223 3
794 2131 847 2203 vel
868 2156 904 2222 4.
928 2129 1068 2223 pollices
1085 2128 1208 2216 crallo,
1232 2154 1301 2203 non
1325 2132 1464 2207 allicitur
1487 2157 1508 2205 a
1530 2137 1613 2208 tubo
1635 2138 1740 2209 vitreo
1765 2156 1840 2227 per·
1999 2204 2006 2215 .

304 2223 427 2299 frido:
453 2226 477 2296 st
499 2244 608 2298 autem
627 2224 764 2300 brattea
787 2226 893 2319 jaceat
915 2229 949 2298 in
971 2225 1092 2321 ligno,
1116 2227 1247 2311 charta,
1271 2226 1324 2298 vel
1347 2230 1505 2318 meullo,
1527 2231 1667 2305 allicitur
1690 2255 1710 2304 a
1734 2234 1841 2321 tubo,

308 2318 521 2393 elellticitate
544 2342 587 2393 ex
603 2322 703 2416 ligno
721 2322 775 2393 vel
807 2322 943 2392 metallo
974 2322 1190 2413 egrediente,
1222 2319 1390 2393 brudeum
1416 2324 1524 2395 secum
1548 2327 1592 2397 ad
1615 2330 1730 2400 tubum
1753 2330 1841 2399 abri-

306 2420 445 2509 piente:
472 2418 538 2488 Sed
562 2416 586 2487 li
615 2415 760 2507 Sulpbur
783 2434 838 2486 aut
858 2414 921 2491 Pix
942 2414 1096 2499 caleant,
1120 2410 1157 2485 &
1181 2415 1415 2505 perfricentru,
1439 2438 1475 2489 ut
1498 2418 1693 2493 eledlricitas
1715 2425 1842 2493 interna

307 2512 347 2583 fit
370 2516 403 2584 in
427 2528 556 2587 motum
578 2511 749 2627 suscitata,
782 2531 851 2584 tum
882 2509 989 2583 avolat
1014 2531 1059 2613 ex
1084 2508 1275 2623 Sulpbute,
1307 2530 1443 2625 qumque
1467 2514 1633 2587 unctum
1657 2517 1699 2583 ad
1724 2518 1838 2589 tubum

307 2601 1236 2803 lilldillmffildliiiidm?
1249 2604 1838 2801 Jullmtffinfiifflfmm‘i

354 2822 386 2922 5.
412 2817 730 2899 DCCCXXXIX.
753 2812 964 2889 Eleblricitas
986 2814 1113 2889 facibus
1133 2813 1170 2890 dt
1193 2818 1289 2891 citiua
1313 2820 1583 2893 circumfunditur
1606 2823 1693 2893 citor
1716 2843 1764 2915 co,
1797 2842 1838 2897 ua

303 2922 432 3004 minus,
456 2938 556 3013 quam
578 2919 665 2989 circa
690 2912 813 3006 majus,
837 2913 960 2985 edamfi
983 2912 1182 3009 maiucplua
1204 2910 1425 2989 elesttieitatis
1448 2918 1595 3011 recipere
1607 2917 1721 3011 poffit:
1783 2940 1839 2995 am

305 3015 553 3091 ielebbricitas
584 3010 678 3110 globi
711 3012 805 3095 vitrei
835 3010 990 3105 dirigamr
1016 3012 1052 3080 ln
1082 3028 1264 3081 maenum
1287 3014 1386 3107 virgae
1408 3009 1552 3099 ferree,
1584 3034 1658 3105 qua
1682 3014 1836 3109 velamini

305 3112 388 3188 lebli
413 3113 533 3199 servit,
560 3105 775 3203 &operies
795 3104 896 3202 ionga
914 3104 988 3194 eil,
1011 3102 1178 3199 extemplo
1201 3104 1237 3177 in
1259 3102 1363 3178 altero
1389 3125 1538 3181 extremo
1561 3129 1753 3203 comparent
1776 3132 1838 3204 pe·

304 3211 409 3286 nicilii
435 3206 567 3299 radioli:
592 3206 741 3278 iiautem
765 3200 963 3277 elestneins
981 3200 1138 3298 dirigatur
1150 3192 1195 3273 in
1209 3196 1392 3277 tenuatam
1415 3200 1492 3277 ferri
1517 3204 1551 3276 6.
1566 3204 1667 3299 pedes
1678 3206 1834 3303 longam,

251 3336 258 3347 ·
305 3306 344 3381 dt
369 3309 427 3403 56.
448 3306 545 3378 libana
564 3320 725 3402 gravem,
750 3300 855 3373 multo
902 3298 954 3371 lus
976 3301 1131 3393 temporis
1155 3303 1326 3385 excurrit,
1348 3319 1521 3392 antequam
1546 3300 1691 3397 penicilli
1714 3300 1833 3375 radim

304 3411 340 3479 in
367 3406 578 3477 extremitate·
600 3398 844 3513 conspiciuntur
897 3396 961 3562 ug.
1007 3413 1065 3508 ¹a0.
1089 3394 1145 3467 Ex
1173 3413 1289 3509 catena
1311 3396 1514 3513 incumbenti
1538 3398 1641 3469 serico
1731 3398 1832 3493 debat

301 3495 912 3690 {illuminabile
931 3490 1833 3683 ,bilbidellrrllllilmqtilllb

302 3694 438 3768 Minuta
458 3690 597 3764 secunda
619 3684 723 3781 elapsa
743 3684 835 3770 sunt,
858 3702 1033 3785 mtequam
1058 3680 1200 3776 penicilli
1224 3684 1244 3754 l
1267 3684 1357 3756 mole
1379 3684 1493 3776 majori
1515 3687 1706 3766 edebantur.

307 3790 503 3885 Corpora
527 3786 649 3880 majora
667 3784 741 3878 plut
762 3779 983 3857 electricibus
1011 3780 1184 3873 recipere,
1215 3800 1314 3872 quam
1338 3782 1466 3853 minora
1488 3781 1567 3855 licet
1588 3787 1674 3878 paris
1696 3783 1830 3879 supern-

302 3891 392 3974 ciei,
423 3885 605 3981 probatur,
638 3900 714 3952 cum
736 3881 822 3950 circa
845 3879 961 3949 tubum
984 3873 1125 3949 ferreum
1149 3900 1185 3968 4.
1209 3876 1312 3972 pedes
1335 3876 1475 3973 longum
1498 3876 1535 3952 dt
1559 3879 1829 3973 circumferentia

304 3987 339 4058 6.
363 3984 519 4076 pollicum
540 3978 608 4051 fusa
632 3978 670 4049 iit
689 3972 912 4062 elcdlricllas,
935 3992 974 4047 ut
1002 3968 1039 4046 ἃ
1061 3975 1148 4046 circu
1170 3974 1294 4071 virgam
1316 3972 1453 4047 sermm
1477 3997 1573 4071 uque
1594 3976 1757 4094 longam,
1789 3975 1828 4053 ὰ

300 4081 394 4174 eujus
411 4077 580 4169 quodlibet
598 4076 679 4147 latur
697 4092 765 4146 erat
789 4068 1045 4164 sesquipoiIicis,
1068 4068 1183 4164 eltpfis
1207 4090 1232 4165 7
1255 4070 1307 4144 vel
1334 4070 1367 4144 8.
1392 4068 1534 4175 Minutia
1556 4077 1702 4167 peniolli
1718 4075 1825 4153 radio.-

299 4176 396 4267 stad,
411 4178 510 4273 virgae
541 4191 720 4291 extremum
750 4173 950 4244 incurrentes
980 4171 1016 4242 in
1046 4188 1179 4242 manum
1203 4168 1423 4246 intolerabiles
1447 4172 1631 4248 excitabant
1653 4166 1822 4258 scintillas,
1962 4240 1965 4253 .

312 4308 330 4321 ·-
426 4300 460 4311 ···
484 4302 491 4309 ·
616 4312 625 4327 ·
1746 4289 1823 4364 quo

228 4458 315 4521 *²*-
332 4466 395 4551 (ο)
412 4426 791 4539 nuednumiler‘ia
802 4418 1001 4531 ·rssteurnlte
1020 4407 1312 4635 mmm
