4282 5962
196 234 205 261 ’
312 306 400 411 ,sa
480 292 577 391 ua
623 284 1710 383 conponuntnurancaromtuus.

320 493 423 573 liuida
443 494 545 571 mium
566 492 602 565 ln
624 485 755 559 massam
777 482 904 557 finnam
924 483 1077 565 abeant,
1108 478 1171 554 alia
1196 500 1276 553 vero
1296 476 1430 557 maneirt
1451 474 1583 559 flunt
1616 487 1655 560 ld
1676 488 1803 565 vitlena·
1824 508 1849 565 a

318 594 411 667 uario
433 586 593 664 concursu
616 586 780 679 partium,
799 602 910 653 earum
927 576 1054 675 figuti,
1077 577 1318 671 magnitudine,
1343 581 1517 666 densitate,
1542 586 1738 677 potoiiute,
1758 588 1850 661 alus·

322 712 390 783 que
412 684 653 761 orcumiunuir
679 680 851 777 pondera
885 694 1028 771 quorum
1059 675 1208 747 omnium
1234 672 1316 751 aiiii
1340 675 1407 751 ltuc
1439 700 1548 775 usque
1578 686 1669 778 capit
1694 684 1847 761 humane

280 812 302 838 ·-
322 782 661 879 conjecturumentit.
1599 823 1603 831 ·

370 897 404 997 i.
429 892 604 969 MXXIII.
628 892 664 965 Si
684 892 768 965 Sulis
788 908 896 985 partes
916 892 952 963 in
971 886 1107 983 copiosa
1124 910 1210 983 aqua
1227 884 1341 965 solutae
1363 888 1451 982 sunt,
1474 914 1527 969 ma
1543 900 1560 919 ⁰
1591 900 1634 973 ab
1652 894 1765 995 Aquae
1775 920 1854 997 par.

25 986 31 993 '
175 1014 180 1025 ·
322 998 411 1079 tibus
432 1014 532 1088 quam
553 1016 575 1065 a
596 990 630 1064 se·
649 992 839 1074 trahuntur,
863 984 1031 1081 disjuniire
1055 984 1128 1061 suda
1151 986 1258 1083 longo
1279 986 1427 1060 distanti
1559 1016 1609 1083 ος
1634 1019 1711 1070 cum
1739 1018 1855 1072 autem

322 1091 497 1187 particule,
510 1090 619 1167 sallao
643 1076 717 1161 suni
740 1086 921 1161 admodum
944 1104 1086 1173 tenura,
1117 1104 1156 1159 ut
1175 1084 1232 1157 vix
1254 1084 1314 1157 nifi
1334 1084 1598 1179 praestantiiimls
1618 1092 1855 1189 Mitroscopilt

302 1194 413 1263 cerni
434 1208 588 1281 queant,
619 1188 780 1285 gravitatis
799 1182 876 1257 suc
901 1180 1098 1277 preponito
1113 1200 1229 1275 -partea
1260 1180 1373 1274 Aquae
1390 1204 1561 1261 removere
1582 1188 1652 1285 non
1672 1210 1852 1283 poterunt,

321 1310 386 1361 nec
408 1280 532 1379 pull'uni
557 1288 631 1371 iro,
663 1283 718 1355 sed
741 1300 854 1355 natant
879 1298 942 1373 per
966 1300 1085 1353 totam
1100 1280 1232 1373 Aqtuam
1255 1276 1466 1371 distributae,
1500 1304 1578 1379 qna
1597 1288 1638 1359 ila
1659 1308 1792 1381 quoque
1815 1290 1851 1363 ui

319 1386 465 1477 quadarn
485 1380 695 1455 auhaeoemu
725 1376 873 1477 Quando
890 1398 933 1449 err
956 1374 1144 1473 huiuamodi
1162 1374 1328 1449 'minione
1355 1376 1473 1459 Salina¹
1489 1382 1690 1479 in'vapores
1710 1385 1851 1459 multum

319 1486 433 1577 Aqua
455 1480 498 1553 ab
524 1480 631 1579 Igne,
653 1476 752 1565 Sole,
774 1478 887 1563 Aine,
906 1470 1038 1565 Vento,
1063 1472 1258 1567 expellitur,
1274 1472 1356 1547 levis
1369 1474 1493 1551 Salium
1505 1480 1659 1573 pellicula
1673 1485 1708 1554 in
1722 1480 1855 1577 superfi.

319 1584 373 1655 cie
396 1576 555 1651 sonnatur
570 1578 614 1649 ab
634 1578 674 1649 iis
696 1574 872 1667 partibus,
902 1592 978 1665 qua
997 1592 1068 1645 non
1091 1572 1127 1643 ln
1151 1569 1288 1645 sublime
1308 1573 1476 1653 avolantes
1496 1596 1583 1669 aqua
1606 1580 1729 1652 orbatae
1753 1581 1852 1653 relin-

317 1690 476 1771 quuntur.
523 1672 609 1745 Haec
628 1670 782 1765 pellicula
800 1670 870 1765 jam
894 1666 1088 1742 solidescunt
1107 1666 1226 1741 mutius
1248 1688 1291 1739 ex
1313 1667 1454 1765 subJeeo
1477 1676 1577 1763 Aqua
1602 1674 1711 1749 Saiern
1734 1677 1854 1769 trahit,

315 1772 482 1867 precipue
500 1772 646 1843 vinnam
670 1762 707 1839 ir
729 1770 967 1864 attingentem,
991 1786 1092 1859 quam
1116 1764 1250 1859 equalis
1268 1768 1429 1859 quantine
1449 1765 1646 1857 solutionis,
1676 1796 1767 1846 nunc
1792 1776 1856 1847 mi·

316 1872 393 1945 nom
412 1884 509 1961 aquae
531 1868 631 1959 cupii
654 1864 831 1939 constantis
848 1874 867 1953 ς’
887 1862 1047 1957 spisoescit
1066 1866 1167 1961 igitur
1184 1860 1359 1956 pellicula,
1383 1860 1421 1937 u
1440 1868 1597 1958 temporit
1611 1866 1752 1942 succelsu
1767 1872 1858 1944 mul·

317 1988 356 2039 to
377 1964 520 2059 spefifice
543 1965 675 2063 gratim
692 1960 731 2037 fit
757 1984 857 2055 quam
878 1960 1005 2054 reliqua
1022 1958 1167 2045 solutio,
1189 1956 1353 2053 rumpitur
1372 1962 1409 2033 ur
1427 1980 1563 2058 purten,
1587 1982 1663 2057 quae
1685 1966 1742 2037 sua
1759 1968 1858 2065 mag'.

317 2062 469 2139 nitudine
494 2056 531 2135 ἀ
554 2060 703 2155 pondere
732 2060 841 2152 Aquae
875 2077 984 2153 partes
1011 2074 1209 2145 removent,
1240 2052 1288 2157 lt¹
1312 2056 1360 2131 ita
1387 2056 1433 2131 ad
1463 2056 1603 2133 mnrium
1641 2060 1778 2157 sidunt,
1819 2068 1854 2138 in

316 2184 387 2253 quo
413 2160 558 2253 jacentes
589 2176 733 2255 pergttnt
759 2156 889 2231 othere
919 2156 998 2230 alias
1024 2156 1151 2229 Sminaa
1178 2172 1319 2250 puroet,
1344 2150 1382 2227 lit
1395 2156 1574 2230 increscere
1588 2178 1741 2233 unacum
1756 2162 1854 2255 Aqua

316 2262 497 2353 intercepta
519 2260 556 2331 in
574 2254 758 2333 maleculaa
778 2256 876 2327 variae
897 2252 1154 2351 magnimdiniu,
1175 2272 1251 2347 que
1275 2252 1430 2355 crystalli
1449 2274 1619 2329 vocantur.

365 2356 581 2429 Attratiione
593 2350 778 2441 §rasullas
798 2349 960 2431 formari,
992 2348 1209 2421 amaniiimo
1224 2346 1417 2441 meatem
1441 2370 1641 2443 comparet,
1672 2352 1698 2425 s
1722 2355 1783 2427 Sal
1799 2356 1856 2429 ιιι.

317 2456 393 2545 quia
422 2454 458 2521 in
487 2450 600 2543 Aqua.
616 2445 790 2539 rubelum,
824 2442 995 2519 solutionit
1018 2444 1149 2561 guttula
1172 2444 1263 2559 uitro·
1286 2442 1408 2561 piano,
1429 2468 1546 2561 pamm
1568 2448 1686 2523 talenti
1707 2453 1855 2547 impora-

435 2568 584 2711 uror
602 2542 955 2727 laelium
977 2540 1556 2725 lluiutmluunlll
1571 2552 1857 2741 ‚ammi

316 2756 425 2831 portet
456 2734 605 2825 partibus
633 2734 786 2824 apponi,
814 2728 986 2819 annuunt
1010 2726 1287 2819 sotnnrl-‚--quau
1308 2746 1473 2821 perpetuo
1506 2742 1730 2831 magnitudine
1754 2749 1860 2819 incre.

317 2834 421 2907 scunt.
496 2824 623 2899 Harum
649 2826 718 2917 jam
751 2845 943 2919 magnarum
975 2840 1014 2893 ut
1039 2844 1061 2893 a
1084 2826 1181 2897 nobis
1204 2824 1329 2895 oanan
1350 2824 1492 2915 pollina,
1516 2828 1619 2923 figura
1644 2838 1680 2906 in
1705 2846 1862 2915 omnibus

320 2928 446 3007 Salium
466 2923 643 3023 generibus
663 2918 792 3007 differt,
818 2918 943 3011 pendet
957 2918 1046 2991 enim
1059 2940 1080 2989 a
1095 2916 1255 2991 concursu
1277 2918 1459 2993 Salimmm
1483 2921 1763 3021 homogenearum
1782 2958 1861 3027 par-

320 3010 1184 3202 immnrriuimuumlm
1199 3014 1520 3185 iiiil‘ir
1537 3028 1861 3201 ,illusis

373 3150 384 3198 2
1417 3160 1431 3197 t
1845 3165 1861 3183 ·

325 3226 396 3309 tili,
421 3242 498 3293 cum
522 3218 626 3289 Terra
648 3210 861 3297 absorbente,
883 3228 961 3281 cum
984 3202 1098 3296 Olco,
1120 3226 1177 3283 aut
1199 3230 1277 3283 cum
1294 3206 1390 3281 uariia
1414 3208 1566 3285 Metellis
1582 3210 1650 3288 &o

375 3316 426 3387 Ita
455 3312 510 3386 Sal
535 3310 707 3383 Mannum
732 3306 859 3381 constat
886 3304 1135 3395 pyramidibus,
1159 3326 1298 3400 quanam
1320 3306 1800 3411 baseasuntquadrangularea,
1826 3318 1862 3395 sit

326 3406 438 3495 'iubata
461 3426 626 3481 concava.
675 3404 733 3479 Sal
747 3402 951 3503 Quinquine
973 3399 1138 3479 essentiale
1154 3402 1212 3477 dat
1232 3400 1412 3493 &siblios
1432 3406 1591 3481 rottrndaa
1610 3406 1647 3481 ἃ
1668 3413 1860 3492 semirotun-

327 3512 398 3591 ὡς»
471 3500 663 3577 Borberill'c
693 3502 749 3577 Sal
770 3520 859 3579 meat
888 3502 925 3573 in
950 3498 1158 3591 crystallus,
1188 3522 1264 3594 quae
1284 3497 1357 3573 sunt
1373 3498 1504 3577 laminae
1524 3504 1637 3597 polita
1658 3511 1756 3585 instar
1777 3518 1861 3591 vitri.

327 3600 434 3701 Ligni
455 3600 593 3695 viperini
611 3600 667 3675 Sul
682 3600 863 3693 crystallus
879 3600 1019 3671 intortas
1042 3600 1179 3691 prabet.
1228 3594 1357 3680 Cornu
1369 3596 1547 3675 Cerusu
1567 3626 1689 3681 ramos.
1736 3610 1864 3703 Absyn-

328 3702 394 3779 thii
414 3700 470 3775 Sal
487 3698 567 3775 solia
590 3698 770 3773 temnuntur.
834 3692 971 3771 Ninon
989 3694 1271 3791 parallelepipedia
1290 3694 1634 3799 oonsiathexangulit.
1698 3706 1752 3781 Sal
1777 3706 1866 3785 Lau.

327 3794 443 3898 ''num
464 3800 583 3895 partim
604 3798 653 3871 est
676 3793 994 3889 Pamiielepipedum
1019 3794 1266 3895 hexungulmu,
1294 3796 1413 3889 purtim
1438 3814 1583 3869 muncuta
1604 3800 1760 3891 Pyranus.
1813 3810 1865 3885 Sal

326 3824 518 3997 ziquiritiae
544 3886 669 3991 duplici
692 3896 819 3971 constat
840 3891 1012 3983 Pyr-umida
1036 3892 1229 3991 hemgola.
1284 3892 1342 3965 Sal
1364 3891 1487 3985 Capilli
1504 3898 1630 3968 venetia
1652 3900 1775 3973 cubum
1801 3908 1868 3983 for.

336 4018 417 4071 mot.
465 3996 661 4071 Rhombum
686 3992 860 4065 Hellebori
878 3988 944 4061 albi
966 3988 1032 4063 Sal.
1080 3986 1221 4065 viniola
1239 3988 1311 4063 unt
1333 3986 1578 4063 Rhomboidea.
1639 3995 1784 4075 Alumen
1809 4024 1871 4099 po.

116 4180 129 4195 ,
340 4094 491 4167 tissimum
501 4092 555 4163 est
575 4089 797 4187 oetogonum.
846 4080 918 4161 Has
941 4082 1064 4159 Salium
1086 4088 1402 4187 liguriaeaaminare
1417 4108 1587 4181 ceperunt
1605 4091 1756 4171 Bellium
1780 4102 1890 4199 (a),‚.

216 4202 220 4207 '
328 4186 649 4285 ,Leeuwenhoeuus
681 4183 793 4281 (b),
825 4180 1004 4275 cappello
1037 4186 1127 4287 (c).
1183 4188 1331 4265 umerus
1354 4182 1458 4289 (d),
1491 4182 1528 4263 ἂ
1553 4192 1757 4273 umaeuiffima
1783 4222 1870 4295 prae-

1791 4300 1871 4375 bent

380 4380 442 4535 Su)
462 4380 593 4441 Beiilnua
615 4378 654 4439 de
673 4376 776 4443 Gustu.
921 4412 933 4441 ,ι
961 4442 964 4447 ,
1166 4392 1176 4429 .-

385 4463 446 4613 ,ll
462 4460 1183 4625 lulumamrmlulmlra,
1331 4546 1334 4551 -
1489 4542 1493 4547 -
1651 4590 1657 4601 .

388 4616 450 4701 (ll
470 4614 679 4699 unplopnent
699 4616 746 4683 sot
767 4619 819 4683 tlte
837 4620 1041 4707 Mlcroicop„
