4282 5962
303 299 382 405 378
467 286 561 377 DE
609 274 1002 371 CORPORUM
1044 274 1700 375 ATTRACTIONIBUS.

303 510 407 567 caetu,
434 489 563 579 perusia
585 483 625 553 ab
650 480 715 550 alio
730 494 910 567 corpote,
936 494 1014 543 cum
1037 472 1128 563 cujus
1150 475 1296 565 parribus
1321 497 1430 567 partes
1452 479 1585 554 alterius
1602 488 1756 577 corporis
1775 495 1840 563 mi·

302 586 442 655 sectatur.
489 582 626 654 lllillura
647 576 692 647 est
712 572 763 647 vel
791 570 1017 653 translucida,
1049 570 1102 639 vel
1124 592 1230 661 opaca
1253 574 1315 641 stre
1342 578 1495 649 turbata:
1521 580 1557 653 Si
1584 580 1745 675 separatio
1766 608 1840 679 par.

303 686 382 751 tiuztt
407 704 480 753 cnm
504 683 648 767 impetu,
663 672 848 754 celeriter,
881 662 917 736 de
941 666 1119 757 conspicui
1143 668 1334 740 ebullitione
1357 675 1564 763 perstciatur,
1589 672 1728 755 vocatur
1752 690 1848 761 Cor*

300 786 398 875 msto,
423 798 519 871 quam
549 776 694 865 opacitas
724 768 920 859 plerumque
945 766 1139 836 comitatur..
1183 764 1219 836 Si
1240 784 1365 836 tantum
1386 792 1494 858 partes
1509 780 1662 867 quadam
1686 792 1838 877 corporis

299 860 1838 965 mmmmmfflmmfflmffldefflmfflmffl.Wmmmffl·

298 960 373 1045 finae
400 970 438 1045 dt
459 972 554 1056 olea,
578 990 651 1057 quae
671 964 741 1035 sunt
765 964 798 1031 in
822 958 1093 1055 Vegetabilibus,
1117 960 1286 1037 solvuntur
1308 964 1352 1034 ab
1372 964 1476 1039 affuso
1496 970 1573 1043 Vini
1592 975 1732 1067 Spiritu,
1758 984 1837 1055 reli.

299 1074 373 1165 quis
396 1071 538 1161 partibus
565 1054 622 1135 sub
652 1058 758 1131 forma
784 1055 956 1129 crassatum
987 1056 1113 1129 saecum-
1135 1056 1377 1151 superstitibus.
1429 1062 1664 1163 Quodcunque
1685 1076 1843 1167 solvens,

297 1192 373 1259 cum
398 1168 491 1239 l'ol'ttit
504 1216 525 1251 ‚
550 1164 676 1251 settrpor
700 1158 747 1227 cll
770 1152 941 1243 liuidum,
964 1152 1042 1227 licet
1062 1156 1212 1247 quaedam
1234 1154 1327 1233 firma
1353 1160 1386 1234 se
1411 1162 1537 1239 solvere
1557 1172 1749 1263 videamur,
1782 1182 1840 1251 uti·

298 1264 399 1357 Lapis
422 1262 528 1333 Aluan
556 1260 618 1328 five
647 1252 901 1346 Sarcophagus,
923 1250 1020 1347 gullu
1043 1252 1161 1341 salsus,
1180 1254 1234 1327 vel
1256 1254 1369 1331 Arena
1394 1264 1429 1335 in
1451 1262 1550 1339 litore
1571 1266 1757 1367 Vetaguae,
1779 1277 1836 1351 vel

300 1384 384 1451 terta
413 1366 447 1431 in
476 1356 577 1429 insula
606 1355 671 1425 diri
702 1350 843 1421 Thomae
871 1348 996 1421 comest
1019 1350 1157 1425 cadaver
1182 1352 1308 1447 (a),
1330 1379 1387 1429 aut
1410 1382 1571 1437 caementa
1594 1388 1637 1439 ex
1658 1372 1846 1445 Anto-sol·-

298 1479 381 1533 vunt
405 1460 618 1555 Argentum:
652 1446 742 1545 Nam
763 1446 854 1519 Sales
874 1446 1035 1519 corrosrvi
1052 1447 1168 1541 lapidis
1189 1452 1255 1529 allii
1272 1452 1459 1545 liquescunt
1486 1462 1508 1535 i
1541 1466 1718 1553 vaporibus
1742 1472 1846 1543 cada·-

300 1552 410 1642 seris‚
444 1574 578 1645 tumque
596 1550 635 1621 id.
654 1548 805 1619 solvunt:
840 1540 876 1615 dt
900 1545 985 1639 ignis
1006 1566 1048 1615 ex
1074 1568 1237 1622 carnento
1259 1543 1392 1641 Aquam
1417 1556 1537 1632 sortem
1568 1560 1653 1635 sacit.
1666 1560 1709 1637 du
1729 1571 1848 1651 elicit,

300 1678 399 1747 otram
425 1652 522 1743 pellit.
537 1654 570 1722 in
591 1652 718 1720 Aurum
741 1664 818 1715 cum
846 1646 997 1737 Argento
1020 1644 1171 1733 mistum
1196 1649 1288 1749 soluit
1309 1648 1381 1723 haec
1402 1658 1606 1753 Argentum..

313 1764 322 1794 ·'
350 1753 385 1823 Si
408 1750 545 1821 Gummi
573 1744 761 1818 Galbanum
781 1738 986 1832 aliquamdiu.
1000 1741 1210 1823 iumentario
1237 1765 1356 1820 teratur
1376 1772 1451 1823 cum
1476 1754 1694 1847 camphora,
1720 1764 1850 1835 intimo

300 1850 475 1933 misceam,
507 1842 638 1920 versum·
662 1844 697 1913 in
724 1838 845 1933 pastam
870 1834 1115 1931 seminudae,
1144 1842 1262 1919 saltem
1275 1842 1359 1917 adeo
1380 1848 1550 1939 mollem„
1575 1874 1612 1925 ut
1637 1854 1745 1951 digitis
1772 1880 1851 1933 trav-

302 1942 380 2019 s'iari
400 1964 559 2039 nequeatt
584 1940 696 2035 pollet
715 1958 823 2011 tarrren
848 1934 1039 2009 indurescie.
1288 1988 1318 2020 ..,
1555 2015 1558 2022 ,

314 2058 320 2069 ·
352 2042 514 2115 Omnium
534 2058 642 2111 autem
665 2056 822 2135 generum
846 2032 930 2103 Salia
953 2035 996 2105 ab
1018 2036 1117 2131 Aqua
1137 2038 1327 2126 solvuntur,
1357 2046 1432 2137 qaia
1451 2065 1557 2137 partes
1583 2047 1706 2121 Salium
1726 2049 1853 2123 sortis·-

302 2144 380 2215 lime
404 2140 533 2211 trahunt
558 2156 667 2227 partes
685 2140 822 2224 Aquae,
855 2154 930 2221 quae
955 2136 988 2203 vi
1022 2136 1057 2205 in
1089 2136 1214 2211 Salinas
1238 2142 1418 2229 irruendo,
1442 2164 1566 2217 meams
1590 2148 1808 2243 ingrediendo
1827 2202 1853 2237 ,.

302 2240 409 2331 partes
439 2234 674 2315 removendo,
701 2228 991 2303 &cohaerentiam
1014 2228 1198 2325 superando
1214 2286 1234 2323 ,
1258 2258 1285 2307 a.
1302 2238 1426 2333 reliqua
1449 2242 1545 2314 massa
1569 2266 1632 2317 eaa-
1648 2250 1853 2335 excutiunt,¹

304 2337 427 2425 finique
446 2332 629 2419 associant,
644 2328 712 2425 jam
733 2324 874 2400 excull'a:
899 2348 941 2397 ex
962 2350 1075 2409 catu,
1093 2332 1212 2403 Salina
1230 2336 1397 2425 particulae
1421 2338 1592 2430 trahuntur
1614 2362 1634 2411 a
1656 2342 1852 2417 lateralibus.

304 2456 398 2527 aquae
418 2430 583 2524 particulis
594 2478 614 2513 ,.
631 2450 713 2519 quas
735 2425 929 2505 obtrudunt,
955 2424 999 2493 ita
1022 2426 1057 2495 in
1080 2426 1247 2524 diagonali
1265 2434 1562 2531 parallelogrammi
1587 2440 1746 2530 incipiunt
1769 2464 1850 2515 mo·-

304 2536 400 2616 veri·‚
431 2530 497 2619 hoc
520 2524 626 2597 modo
648 2520 824 2595 ulteriori
856 2516 954 2591 malli
988 2519 1094 2595 solini.
1116 2527 1299 2613 recedunt,
1333 2534 1383 2603 ita
1415 2552 1456 2605 ut
1485 2535 1614 2607 tandem
1647 2558 1707 2629 per
1738 2558 1850 2611 totam·

305 2650 420 2717 aquam
448 2622 564 2693 Salina¹
588 2618 755 2713 particulae
780 2616 1025 2689 distribuantur:
1048 2621 1180 2693 interim
1200 2646 1311 2697 morus
1331 2630 1435 2699 oritur
1457 2632 1490 2699 in
1513 2636 1685 2721 partibus,
1704 2638 1761 2725 qui
1784 2660 1853 2711 an·-

306 2747 358 2798 tea
382 2744 450 2794 tton
477 2720 608 2803 aderat,
632 2717 688 2791 sed
714 2718 741 2791 a·
758 2718 879 2789 viribus
899 2718 1142 2793 attrahentibua-
1157 2724 1342 2807 etciumr,
1367 2726 1484 2795 donec
1498 2729 1648 2799 universa.
1659 2732 1756 2803 malli
1781 2736 1851 2807 Sa·-

306 2824 372 2895 lina
403 2816 551 2891 dissoluta
575 2817 640 2903 fit,
673 2834 846 2907 partesque
866 2834 926 2906 per
957 2814 1090 2907 Aquam
1120 2820 1323 2917 equabiliter.
1348 2820 1494 2913 dispersae
1527 2846 1669 2913 natent,
1696 2852 1764 2901 non
1798 2833 1853 2905 ad²

305 2919 442 2993 mudum
467 2918 546 2991 rasti
572 2914 729 3000 sidentes,
754 2912 875 2986 etiami
902 2912 1015 3003 Aqui⁴
1032 2914 1181 3007 specilice¹
1203 2921 1366 3014 graviores
1391 2918 1473 2990 fint:
1497 2922 1554 2990 nili
1577 2924 1690 3013 majori
1714 2948 1850 3017 appro··

306 3022 469 3115 pinquent
496 3018 614 3108 copia,
638 3016 845 3103 attraslaeqne
866 3008 1044 3109 jungantur
1066 3015 1100 3083 in
1124 3012 1228 3085 molas
1251 3034 1404 3111 magnas,
1427 3014 1529 3109 majus
1552 3014 1726 3091 formantes
1748 3038 1840 3117 pon·

308 3118 398 3208 dus,
432 3141 501 3213 qno
520 3117 650 3200 sidere,
675 3112 711 3185 dt
735 3110 960 3184 attraslionem
985 3112 1126 3203 partium
1150 3108 1247 3184 lluidi
1272 3112 1419 3203 superare
1443 3112 1586 3205 pouunt.·
1634 3114 1708 3187 Pari
1732 3120 1853 3191 modo·

309 3218 441 3291 solvitur
473 3216 606 3287 Nitrum
638 3207 894 3283 Ammoniacale:
913 3230 941 3281 a.
967 3206 1096 3298 Spiritu.
1120 3206 1199 3281 Vini
1232 3208 1495 3285 restificatillimo
1508 3235 1528 3282 ε.
1552 3208 1720 3309 Quamdiu
1751 3220 1854 3291 enim:

309 3316 376 3384 hoc
398 3334 467 3382 non
484 3312 624 3393 saciant,
645 3328 752 3399 partes
760 3302 957 3379 attnffione
973 3304 1082 3379 fluido
1106 3306 1345 3401 adhaerescunt,
1373 3306 1458 3379 &in
1477 3330 1520 3381 eo
1545 3330 1674 3381 natant:
1700 3312 1767 3385 hoc
1782 3336 1849 3387 au·-

311 3432 377 3483 tem
402 3408 535 3479 Nitrum
559 3406 770 3496 componitur
793 3424 834 3475 ex
856 3404 977 3493 Spiritu
1003 3402 1090 3473 Nitri
1105 3455 1125 3490 ,.
1142 3403 1377 3479 saturato-cum
1398 3404 1528 3497 Spiritu.
1543 3404 1624 3477 Salis
1648 3410 1845 3483 Ammonia·

310 3512 363 3587 ci,
389 3526 456 3575 tum
480 3501 616 3589 liltrato,
641 3498 901 3594 evaporato,.&
926 3500 1131 3593 crystallisato
1161 3504 1254 3599 (b').
1283 3502 1375 3577 Non.
1389 3525 1499 3577 autem
1520 3508 1774 3601 magnitudinem
1804 3508 1856 3581 dc·

310 3602 549 3675 multitudinem
569 3599 829 3697 superficierum,
858 3624 934 3694 quae
958 3598 1005 3669 est
1029 3604 1226 3693 corporibus
1251 3602 1393 3693 solutis,
1408 3602 1535 3675 efficere
1560 3622 1596 3673 ut
1620 3626 1759 3697 corpora
1784 3630 1857 3679 ua·-

312 3724 381 3775 tent
412 3700 577 3773 distributa
600 3724 661 3796 per
684 3702 905 3785 menstruum,
927 3696 1161 3772 demonstravit
1185 3698 1392 3795 Haultsbejns
1417 3702 1505 3797 (c).
1530 3698 1780 3795 Nonnunquam
1796 3708 1848 3777 ci·

312 3803 376 3875 tius
403 3800 569 3895 perficitur
594 3802 739 3888 solutio,
773 3804 795 3872 st
822 3822 930 3893 partes
954 3794 1045 3867 affusi
1071 3794 1168 3869 fluidi
1191 3818 1399 3871 moveantur:
1435 3802 1614 3869 tamenim
1636 3806 1750 3891 majori
1775 3807 1848 3875 im·

309 3923 388 3993 petu
421 3926 527 3995 partes
557 3900 710 3975 ¹solventis
735 3919 832 3974 ruunt
856 3902 890 3971 in
911 3894 1127 3969 solvendum:
1160 3896 1283 3967 idcirco
1305 3895 1357 3965 vel
1379 3892 1654 3983 conquassatum,
1672 3898 1723 3967 vel
1750 3902 1851 3973 cale·-

311 4000 429 4073 sacium
452 4006 495 4074 ab
520 4008 595 4100 igne
611 4001 734 4073 solvens
760 3998 885 4069 facilius
908 3998 1071 4087 citiusque
1095 3990 1215 4083 separat
1237 3988 1381 4063 solvendi
1404 4010 1527 4085 partes:
1551 3990 1629 4063 ideo
1645 3998 1858 4087 corporibus.

313 4096 504 4193 frigentibus
525 4102 585 4175 vel.
601 4100 838 4191 quiescentibus
862 4094 915 4167 vel
937 4096 1013 4183 vix,
1028 4090 1081 4169 vel
1107 4110 1175 4163 non
1192 4088 1230 4163 fit
1251 4086 1390 4165 solutio..
1425 4112 1428 4117 ·

1599 4188 1857 4287 §.nrnxmrn

354 4392 411 4469 (a)
433 4392 543 4453 Plinnn
574 4398 647 4459 iiiii.
678 4401 748 4459 Nat.
778 4398 1077 4474 Lih.3o.cap.17.
1134 4396 1285 4461 Mutatus
1314 4392 1344 4455 ln
1374 4386 1545 4457 Metalloth.
1572 4388 1754 4467 Vaticana.
1777 4403 1852 4465 14⁵·-

317 4520 323 4537 .
432 4474 558 4531 Hectora
585 4480 639 4533 lib
671 4486 699 4538 8.
719 4478 820 4534 decad.
847 4494 871 4536 ι.

318 4604 322 4615 ,
355 4557 394 4629 (b
405 4571 418 4635 p
434 4554 567 4615 Neuman
595 4554 624 4607 in
647 4554 724 4612 Leti.
749 4556 786 4613 de
807 4556 896 4613 Nicro
915 4572 982 4631 pag.
1005 4557 1074 4615 108.

357 4638 413 4717 (a)
436 4630 554 4715 l‘ltpfico
574 4630 914 4708 brecianauapetin.
935 4632 1011 4711 Eup.
1035 4646 1090 4692 19..
