4282 5962
344 268 438 373 os
480 258 961 359 coumnsurm
996 284 1065 355 rr
1100 264 1491 369 mamimus:
1587 292 1677 401 ese,

141 488 279 565 ruptura
301 466 348 541 est
370 466 479 563 aspera
497 488 564 539 non
584 462 771 559 splendens:
795 462 1006 539 nihilominus
1030 461 1163 537 linnitas
1182 469 1216 539 in
1237 467 1373 561 duplum
1393 477 1546 562 increvit,
1572 480 1667 570 quod

144 567 285 665 probat,
309 584 416 660 partes
439 566 605 657 utriusque
627 560 826 634 semimetalli
853 564 937 633 bene
954 564 1102 669 misceri,
1127 558 1163 635 ἃ
1184 562 1216 634 fe
1239 586 1354 637 mutuo
1374 572 1609 667 conglutinare.

194 696 226 796 ς.
250 693 455 771 mcxcvi
481 692 633 789 Regulus
655 694 839 763 Antimonii
863 686 898 759 bt
923 688 1062 761 Zincum
1086 688 1202 781 aequali
1225 692 1323 781 copia
1344 712 1438 784 capta
1460 698 1555 785 funt,
1580 682 1679 775 dish(

145 797 249 869 culter
282 798 315 867 in
335 790 498 865 cochleari
520 789 626 860 ferreo
650 807 827 879 potuerunt
850 788 951 881 ignita
975 789 1130 869 misceri,
1160 787 1253 859 mista
1275 809 1344 860 non
1369 790 1455 861 bene
1487 797 1666 888 adimplent

143 892 316 978 modulos,
337 886 570 961 ideofimritas
590 885 752 975 explorari
774 906 842 957 non
864 886 994 975 potuit,
1020 886 1073 955 vix
1088 886 1175 953 enirn
1200 884 1409 971 cohaerescit,
1434 887 1531 961 malfa
1547 890 1682 989 frigida·

144 990 192 1064 est
213 986 390 1061 admodum
410 982 551 1083 fragilis,
575 980 675 1053 fracia
697 1002 766 1055 non
790 980 955 1075 splendet,
979 977 1017 1053 ἃ
1038 980 1086 1053 est
1107 978 1228 1073 asperae
1246 980 1435 1075 superficiei.

186 1106 469 1219 §.medellis
494 1094 645 1211 Regulus
660 1110 843 1213 dndmmh
867 1106 903 1182 bt
927 1104 1133 1183 bismuthuui¹
1157 1112 1274 1205 aequali
1287 1100 1443 1207 'pondere
1459 1118 1494 1187 in
1509 1119 1664 1215 ignefufa

142 1216 180 1295 bt
197 1214 289 1288 milia
302 1212 393 1313 funt,¹
410 1212 518 1305 ¹lnfufa
541 1206 680 1283 modulo
704 1208 848 1327 stanneo
860 1206 1077 1323 exhibuerunt
1095 1208 1426 1305 parallelepipedum,
1445 1212 1537 1307 cujus
1559 1218 1667 1311 quod·

143 1366 225 1441 libe,
249 1364 332 1435 lam,
356 1312 517 1475 ἕρσι.
531 1322 613 1444 fuit,
638 1314 809 1432 sustentare
835 1318 938 1430 modo
957 1361 1068 1450 potuit
1090 1366 1126 1439 rb
1151 1323 1363 1485 arsi-,haec
1376 1359 1473 1433 malfa
1486 1360 1666 1437 admodum

147 1512 269 1609 fragilis
293 1514 328 1583 in
351 1510 488 1583 fraelura
509 1504 683 1579 exhibebat
699 1526 802 1603 grana
831 1500 989 1577 cmiia&
1021 1502 1244 1597 splendentia;
1278 1504 1407 1579 mistura
1430 1511 1528 1605 igitur
1551 1510 1670 1585 horum

148 1608 429 1683 semimetallorum
457 1605 588 1679 malfam
609 1602 821 1677 infirmiorem
844 1600 941 1688 facit,
964 1622 1041 1672 cum
1065 1599 1150 1673 folus
1173 1600 1323 1697 Regulus
1348 1603 1535 1677 Antimonii
1550 1605 1669 1681 susten·

147 1707 239 1780 taliet
260 1702 296 1778 lb
321 1726 389 1801 30,
414 1700 622 1779 Bismuthum
646 1710 683 1795 fis
706 1701 768 1794 85.
792 1699 870 1773 ideo
885 1718 995 1815 partes
1009 1701 1104 1772 unius
1124 1718 1195 1771 non
1206 1696 1278 1773 sunt
1292 1699 1406 1797 gluten
1420 1701 1551 1775 alterius
1560 1740 1584 1793 ,·
1597 1724 1669 1801 gra·

145 1808 226 1879 vitas
250 1802 398 1894 specifica
420 1802 481 1876 fuit
504 1824 552 1901 7,
579 1798 712 1895 87437.
1166 1812 1169 1817 ·
1352 1814 1357 1823 ·

192 1925 224 2025 ᾗ.
250 1926 491 2001 mcxcviu.
515 1926 748 2009 Esomnibus
774 1927 1006 2019 experimentis
1030 1926 1066 1995 in
1098 1922 1381 2013 Metellis-mixtis
1398 1924 1491 2015 fabiis
1511 1928 1669 2024 colligere

145 2026 245 2107 licet,
270 2022 483 2108 Ferrumina,
507 2045 581 2115 quae
605 2024 810 2121 conjungunt
832 2044 939 2116 partes
963 2020 1177 2093 Metellorum
1195 2024 1279 2093 inter
1293 2021 1348 2109 fe,
1372 2022 1446 2097 ioca
1466 2028 1596 2096 unionis
1618 2024 1672 2096 fir·

145 2123 250 2191 miora
266 2116 395 2203 facere,
419 2142 519 2213 quarn
538 2119 643 2212 ipsum
667 2120 864 2208 Metallum,
890 2120 945 2191 fed
970 2117 1063 2191 limul
1084 2117 1258 2191 ferrumine
1273 2114 1338 2189 elle
1353 2116 1484 2191 duriora
1502 2122 1576 2193 solis
1593 2120 1672 2195 Me·
1807 2126 1812 2133 '

148 2216 250 2287 sallisa
276 2212 399 2289 Omnia
413 2238 523 2292 autem
542 2216 716 2291 ferrumine
738 2236 986 2310 componuntur
1008 2235 1050 2287 ex
1069 2217 1163 2287 variis
1182 2217 1290 2287 mixtis
1311 2216 1466 2288 metallis:
1497 2221 1544 2289 uti
1561 2217 1673 2291 Plum-

148 2314 183 2385 bi
206 2308 242 2382 bc
262 2312 376 2385 Stanni
395 2313 568 2387 ferrumine
590 2335 839 2409 componuntur
861 2334 903 2385 ex
926 2312 1068 2384 Plumbo
1091 2307 1127 2381 bc
1145 2311 1290 2397 stanno,
1315 2312 1370 2383 sed
1392 2315 1479 2385 varia
1501 2318 1673 2407 capiuntur

148 2411 365 2503 proportione
389 2412 423 2479 in
445 2410 519 2479 ulus
543 2411 695 2477 diversos.
742 2411 925 2475 Ferrumerr
950 2406 1026 2471 ferri
1049 2408 1095 2471 est
1117 2404 1357 2493 Orichalcum,
1390 2428 1531 2481 attamen
1551 2412 1673 2483 ferrum

147 2528 225 2577 cum
244 2505 331 2576 ferro
354 2502 491 2574 feliciter
514 2499 740 2573 ferruminamr
761 2498 939 2569 alliniendo
964 2516 1087 2568 tantum
1107 2498 1229 2587 pallam
1254 2502 1371 2573 huam
1391 2524 1434 2573 ex
1455 2505 1565 2576 Arena
1588 2507 1673 2577 Bru·

147 2602 281 2675 xellensr
299 2621 376 2672 cum
402 2601 512 2690 Aqua.
562 2596 658 2669 AEris
676 2596 839 2667 ferrumen
860 2595 908 2665 est
930 2614 1066 2685 quoque
1085 2592 1317 2681 Orichalcum,
1342 2598 1395 2667 vel
1420 2598 1568 2673 idemne
1590 2601 1670 2672 Ori·

147 2700 254 2771 chalci
279 2696 469 2780 ferrumen,
500 2694 593 2786 quod
616 2692 742 2765 constat
766 2713 808 2761 ex
838 2689 1016 2762 Orichaico
1046 2686 1081 2760 dr
1114 2691 1290 2786 Argeum,
1320 2692 1373 2765 vcl
1398 2714 1440 2763 ex
1463 2694 1671 2789 Orichalco,

150 2798 275 2869 Stanno
295 2789 332 2865 ἀ
355 2792 484 2877 Zinco,
515 2790 566 2863 vel
591 2812 633 2861 ex
657 2788 836 2861 Orichalco
868 2786 975 2859 Zinco
1000 2783 1036 2857 bc
1062 2786 1225 2883 Argenta.
1279 2788 1419 2886 Argenti
1442 2786 1605 2865 ferrumen
1630 2815 1674 2871 ex

149 2890 327 2963 orichalco
349 2884 385 2961 bs
406 2887 545 2979 copioso
568 2886 605 2958 fit
632 2887 792 2983 Argenta.
858 2884 941 2955 Auri
970 2881 1133 2955 ferrumen
1162 2905 1205 2955 ex
1225 2884 1320 2957 Auro
1334 2882 1383 2957 ,δι
1414 2888 1577 2984 Argento.
1636 2892 1672 2964 si

148 2987 281 3075 chalybs
301 2987 473 3057 misceatur
497 2982 741 3067 consterno,
765 2982 923 3053 Stannum
952 2979 1060 3051 multo
1080 2976 1207 3053 facilius
1229 2978 1321 3077 fluit,
1345 3003 1458 3055 verum
1477 2984 1599 3059 coloris
1612 2992 1674 3083 tnif

148 3084 326 3172 nus-bruni
356 3081 491 3167 eradit3
522 3080 684 3171 optimam
707 3078 781 3165 est,
811 3077 835 3149 ii
867 3098 946 3151 acus
968 3074 1134 3169 chalybes
1153 3079 1345 3168 capiantur,
1379 3076 1416 3171 bs
1446 3102 1523 3155 cum
1548 3084 1674 3161 Smnuo

149 3176 335 3251 fursdantur.

636 3368 702 3455 Da
728 3370 932 3457 hirmitate
956 3368 1198 3457 Palinurum.

192 3576 228 3672 ς.
253 3574 463 3653 MCXCIX.
493 3574 664 3673 Indagatio
690 3574 875 3661 firmitatis,
908 3598 983 3667 quae
1012 3578 1122 3651 mulus
1151 3574 1187 3649 bt
1215 3580 1365 3652 hodierni
1392 3585 1551 3673 temporis
1576 3585 1672 3657 vesti·

148 3682 265 3751 mentis
288 3677 388 3761 inest,
412 3696 481 3746 non
500 3674 630 3766 prorsus
650 3672 771 3745 inutilis
794 3671 880 3745 forte
902 3676 980 3747 erit:
1006 3672 1043 3747 ἂ
1065 3677 1142 3765 quia
1156 3673 1228 3745 baec
1248 3675 1417 3769 hucusque
1438 3678 1485 3748 est
1505 3681 1673 3776 neglecta,

148 3776 235 3855 fores
258 3774 383 3865 aperire
409 3772 516 3855 libet,
545 3768 579 3841 ii
601 3770 698 3837 alicui
718 3768 790 3836 haec
820 3772 928 3836 minus
954 3768 1183 3857 Philosophiae
1209 3770 1275 3841 elie
1300 3772 1503 3858 viderentur,
1527 3779 1674 3849 amittere

149 3874 287 3964 poteritr
312 3867 561 3955 Explorandum
588 3865 687 3957 ig‘tur
709 3860 786 3931 duxi
803 3908 820 3948 ‚-
845 3881 1005 3953 quantum
1028 3858 1185 3955 ponderis
1207 3866 1343 3937 cidiibet
1366 3872 1478 3964 generi
1502 3871 1674 3943 vestimen·

149 3970 201 4051 ti,
232 3966 339 4036 datam
368 3961 516 4033 habentis
538 3957 769 4051 latitudinem,
802 3958 947 4051 appendi
968 3958 1093 4053 pollii,
1127 3954 1293 4053 &aquo
1323 3964 1472 4054 pondere
1491 3964 1670 4062 fiangiturr

147 4061 232 4135 Non
253 4059 386 4151 quidem
402 4078 443 4127 ex
464 4056 650 4149 huiusmodi
674 4056 906 4131 tentaminibus
926 4056 1042 4154 colligi
1062 4074 1154 4129 certo
1176 4060 1325 4149 poterit,
1357 4058 1480 4149 vestes,
1505 4083 1580 4154 quae
1603 4084 1673 4137 ma·

148 4160 274 4231 ximum
295 4153 379 4225 ferre
395 4150 525 4243 poliunt
542 4154 696 4246 pondus,
720 4151 778 4225 usu
801 4157 908 4226 minus
928 4152 1082 4228 detritum
1104 4155 1144 4225 iri
1166 4155 1454 4241 imbecillioribus,
1478 4161 1582 4233 autin
1597 4161 1672 4235 lon·

148 4257 224 4420 gius
251 4270 380 4369 tempus
400 4249 585 4337 duraturas,
610 4272 685 4323 nam
710 4250 867 4367 mollities
889 4247 925 4323 bt
955 4250 1229 4366 flexibilitasufui
1257 4252 1403 4351 longiori
1425 4256 1565 4331 multum
1588 4280 1671 4333 con·

149 4345 571 4541 ihdffhl‘ssdilll.
584 4345 870 4531 ”dudd
888 4349 1066 4520 llius
1085 4344 1669 4546 illilus}‘filliis

151 4564 214 4641 ta,
233 4544 356 4623 idcui
384 4540 559 4645 plurimum
586 4539 743 4636 ponderis
771 4542 914 4637 appendi
937 4542 1039 4717 poillilt1
1046 4596 1059 4630 ,
1088 4542 1127 4625 fit
1145 4546 1310 4649 ¹brevioris
1328 4548 1507 4625 durationis
1525 4555 1561 4621 in
1583 4551 1669 4635 usu,

1051 4662 1085 4716 m
1109 4661 1144 4716 m
1576 4657 1675 4733 quan
