4538 6072
437 255 439 262 J
538 367 594 452 74
754 315 1854 436 ocnoco·,nnm·aoansrmoru.
1944 257 1949 262 ’

536 533 651 608 saneti
668 529 815 624 possuntt
838 525 890 598 b!
917 524 1005 596 enim
1032 515 1270 616 nagrrltteilubs
1293 515 1363 606 pari
1383 513 1486 588 morlo
1512 515 1699 608 exprimunt
1715 517 2068 596 abnuraerie'Erihaa

537 629 796 706 consideratione
818 631 936 714 magna
965 617 1098 690 fluuit
1113 613 1335 705 'sequenubus
1348 612 1489 700 utilimlt
1509 617 1588 686 cum
1600 613 1707 700 siner,
1729 619 1970 708 quaeexprimir
1986 635 2069 689 tam·

537 727 631 820 pus,
650 722 771 813 poterit
801 715 1007 806 multiplicari
1030 717 1065 786 in
1089 713 1235 796 lineam,
1260 732 1339 802 quat
1361 711 1744 802 expr'euiaceleritatem,
1768 712 1856 784 utide
1878 713 2069 813 Reclaugu·

536 823 604 893 lum
626 817 859 910 progignetur,
885 812 978 903 quod
1004 810 1059 882 sui
1083 808 1307 906 magnitudine
1330 807 1481 899 spatium
1503 807 1690 899 percursio)
1703 811 1875 900 exprimet.
2031 851 2034 862 ·

448 969 454 980 .
591 931 624 1020 §.
650 925 828 1002 ccxvii.
854 922 938 1021 Quo
952 941 1072 1016 corpus
1086 922 1503 1010 celeberrimorum-idem
1519 913 1664 1016 Spatium
1679 925 1820 997 breviori
1839 929 1987 1018 tempore
1999 947 2075 1094 per·

535 1028 652 1102 currite
677 1044 812 1109 conns,
836 1044 906 1116 quo
925 1021 1049 1114 tardius
1066 1020 1259 1109 sermr,.eo'
1272 1019 1416 1118 bogiorr·
1437 1041 1586 1112 tempora
1615 1021 1662 1092 ad
1676 1020 1937 1116 idembpttium
1955 1021 1998 1094 ise
2009 1025 2075 1112 cri·

534 1123 679 1194 bendum
695 1123 754 1214 ips
773 1143 859 1213 opus
885 1119 941 1191 eil.
993 1120 1028 1190 Si
1050 1120 1147 1214 igitur
1160 1107 1307 1210 Spatium
1328 1116 1513 1210 percursam
1528 1118 1756 1211 emporibus
1768 1117 1918 1210 ejusdam
1928 1119 2076 1218 largitis

536 1219 620 1292 dinis
646 1219 764 1303 fuerit,
783 1239 883 1312 erum
899 1237 1092 1308 corporum
1106 1214 1344 1308 'otlerimesin
1357 1218 1484 1308 ratione
1502 1217 1837 1308 bunussrmparum.
1957 1254 1962 1266 ·
1991 1287 1995 1294 ,

435 1318 445 1332 ’
584 1325 616 1427 5.
642 1327 838 1414 CCXVIII.
863 1329 898 1401 Si
922 1339 1044 1420 corpus
1063 1347 1158 1401 motu
1181 1327 1318 1420 simplici
1342 1330 1377 1402 in
1392 1339 1501 1402 vacuo
1514 1349 1713 1414 nmvemta,
1728 1330 1853 1423 semper
1876 1351 1972 1423 aeque
1986 1329 2078 1402 van

533 1429 636 1511 citer,
666 1423 758 1527 &jn
781 1428 896 1500 eadem
910 1425 1092 1504 dircstiom
1114 1426 1327 1512 atouebirur,
1353 1429 1388 1500 in
1410 1448 1475 1520 qua
1510 1429 1619 1518 primo
1640 1431 1764 1500 moveri
1786 1446 1948 1520 caperat,
1973 1424 2010 1500 ἂ
2027 1451 2077 1501 ae·

535 1525 686 1618 qualibus
709 1527 911 1616 temporibus
935 1520 1076 1613 aequalia
1097 1520 1207 1612 Spatia
1221 1535 1399 1616 percurret.

543 1683 548 1693 .
582 1620 672 1694 Nam
697 1617 813 1691 iratis
838 1640 983 1714 corpus,
1008 1619 1133 1711 inquo
1157 1607 1239 1690 statu
1264 1622 1423 1711 ponitur,
1448 1619 1645 1710 perseverat:
1671 1617 1707 1692 ilc
1736 1625 1892 1713 quoniam
1914 1625 1947 1696 in
1969 1641 2076 1696 vacuo

535 1717 644 1801 nulla,
669 1739 742 1806 quae
762 1719 796 1786 in
824 1737 944 1806 corpus
970 1712 1059 1809 agit,
1085 1713 1277 1808 supponitur
1298 1717 1418 1806 causa,
1434 1715 1469 1786 id
1484 1715 1622 1802 eidem,
1646 1738 1713 1807 qua
1735 1720 1877 1810 incepit,
1902 1717 2076 1793 velocitate

537 1809 772 1886 &directione
799 1830 968 1887 moveatur
995 1809 1123 1881 necesse
1146 1809 1203 1881 est.
1254 1809 1458 1904 Hinc'patet
1476 1809 1548 1900 Leti
1571 1811 1792 1886 Newtoniana
1808 1817 1926 1908 primae
1949 1821 2075 1910 Corpus

534 1935 622 1984 omne
634 1909 823 2004 perseveret
842 1913 878 1982 in
890 1909 985 2004 statu
992 1905 1056 2002 sico
1079 1907 1257 2004 quiescendi
1277 1899 1337 1980 bel
1349 1907 1499 1982 movendi
1521 1909 1729 2006 uniformiter
1759 1912 1795 1986 r'n
1815 1901 1998 2007 demeum,
2016 1918 2078 2010 rifi

539 2017 696 2108 quatenus
717 2034 740 2102 a
761 2001 901 2087 Viribus
917 2002 1069 2102 impreffls
1089 2020 1221 2103 cogatur
1244 2007 1338 2080 ilium
1352 2003 1482 2098 fictum
1505 2007 1689 2094 immittere.
1739 2003 1953 2102 Quotidianae
1970 2012 2080 2084 obser·
2108 2013 2110 2020 '

376 2205 379 2212 Ι
434 2124 437 2143 ²
536 2109 684 2178 vationes
709 2105 892 2179 condendae
915 2103 990 2176 huic
1009 2102 1094 2199 Legi
1115 2101 1324 2207 occasionem
1347 2104 1526 2177 dederunt:
1553 2124 1673 2197 corpus
1696 2105 1782 2176 enim
1793 2121 1920 2178 motum
1936 2111 1969 2178 in
1984 2128 2079 2183 motu

535 2199 759 2296 perseuerare,
784 2195 821 2275 tc
852 2195 985 2296 quidem
1012 2199 1046 2272 in
1077 2200 1320 2286 eadem‘reila,
1345 2201 1379 2273 iu
1401 2221 1465 2294 qua
1487 2205 1612 2275 moveri
1635 2205 1755 2293 caepit,
1782 2197 1907 2292 semper
1929 2203 2079 2280 observa·

536 2319 606 2373 tur:
633 2295 756 2374 &non
780 2299 935 2392 quiescit,
960 2297 1017 2370 nisi
1042 2297 1148 2369 causae
1171 2293 1406 2369 resistentes&
1427 2315 1554 2370 motum
1578 2298 1730 2371 tollentes
1761 2298 1958 2371 accesserint.
2061 2305 2069 2318 '

584 2411 618 2502 5.
643 2409 806 2485 CCXIX.
833 2407 952 2482 Nlotus
977 2408 1170 2500 praecedens
1194 2405 1226 2503 5.
1254 2409 1338 2480 218.
1358 2430 1493 2479 vocatur
1507 2409 1697 2501 AEquebiiis
1716 2405 1769 2476 vel
1793 2407 1991 2500 Umformis:
2015 2395 2079 2478 Est

534 2509 590 2593 bic
625 2528 734 2580 motus
769 2507 901 2598 propria
933 2503 1081 2576 mensura
1114 2502 1308 2589 celeritatis,
1333 2523 1369 2574 ut
1404 2507 1494 2576 enim
1526 2504 1707 2574 inveniatur
1743 2501 1904 2590 quantitas
1925 2500 2082 2572 celeritati
2157 2499 2163 2511 '

534 2602 810 2698 proportionalis,
835 2599 1091 2692 investigandum
1117 2597 1164 2666 est
1191 2595 1339 2688 Spatium
1346 2647 1358 2685 ,
1384 2597 1477 2686 quod
1496 2619 1620 2686 corpus
1645 2595 1723 2665 dato
1747 2616 1896 2686 tempore
1910 2617 2083 2690 percurre·

536 2721 610 2783 ret,
636 2699 658 2769 st
681 2717 775 2768 motu
801 2692 954 2785 aequabili
980 2691 1127 2762 ferretur.

584 2809 617 2906 5.
642 2803 790 2879 CCXX.
825 2803 860 2874 Si
894 2799 949 2872 tali
977 2820 1072 2871 moto
1097 2801 1231 2892 corpori
1263 2795 1295 2896 5.
1323 2819 1405 2888 119.
1431 2819 1535 2870 novus
1558 2801 1593 2868 in
1622 2799 1736 2870 eadem
1764 2795 1943 2869 direiiione
1968 2749 2106 2873 motus⁸

538 2903 719 2988 accesserit,
744 2899 881 2972 celerius
905 2895 1026 2967 seretur
1054 2917 1203 2986 corpus,
1222 2895 1324 2988 majus
1354 2895 1500 2986 Spatium
1534 2915 1632 2984 quam
1656 2913 1733 2965 ante
1753 2897 1823 2982 pari
1849 2913 1997 2984 tempore
2021 2898 2082 2970 de.

539 3003 752 3096 scripturum,
777 2997 902 3090 eritque
927 2993 1029 3085 Spatii
1045 3011 1256 3090 augmentum
1278 2989 1527 3086 proportionale
1553 3010 1732 3087 augmento
1746 2989 1954 3062 velocitatis:
1980 3013 2083 3064 voca·

541 3105 593 3174 iut
612 3099 666 3172 hic
687 3114 797 3169 motus
821 3093 1039 3170 Accelercrus.
1814 3103 1818 3112 ·

544 3201 550 3212 '
588 3196 621 3288 §.
646 3195 804 3271 CCXXI.
830 3199 898 3270 Sia
919 3219 1060 3289 corpore
1079 3191 1225 3292 11101115.
1252 3219 1342 3289 219,
1368 3217 1478 3268 motus
1497 3193 1635 3264 eandem
1653 3189 1760 3267 versus
1780 3189 1910 3286 plagam
1930 3187 2082 3264 discesse-
2153 3263 2163 3295 ‚

540 3295 602 3376 iit,
626 3295 746 3364 tardius
771 3294 910 3380 leretur,
937 3290 972 3365 &
996 3313 1144 3385 tempore
1210 3295 1361 3367 riminus
1385 3314 1483 3384 quam
1495 3312 1570 3362 ante
1584 3309 1750 3383 percurret
1763 3289 1924 3379 Spatium}
1950 3290 2082 3379 eritque

542 3391 645 3482 Spatii
668 3390 932 3476 decrementum,
955 3411 992 3462 ut
1006 3315 1342 3483 jactura‘veiicitatisz
1366 3387 1571 3464 commthic
1594 3407 1703 3458 motus
1720 3384 1950 3471 Retardctus,
1975 3405 2016 3455 eo
2032 3385 2084 3458 fe·

541 3507 657 3654 rurlrtur
668 3489 783 3654 ὲ(1111111111
793 3487 937 3582 projecit
951 3507 1012 3582 per
1023 3489 1167 3575 Aerem,
1191 3487 1345 3582 Aquam,
1360 3505 1417 3558 aut
1434 3485 1495 3558 alia
1510 3483 1647 3569 Fluida',
1663 3501 1732 3553 turn
1746 3483 1865 3578 quaein
1883 3482 1955 3554 solo
1963 3479 2084 3573 aspero

539 3593 587 3658 vo
600 3603 664 3656 vun
703 3606 728 3654 r.

542 3701 549 3712 '
590 3691 622 3792 5.
648 3685 828 3768 CCXXll.
855 3697 942 3771 Cum
969 3701 1101 3789 corpori
1125 3713 1218 3768 moto
1241 3691 1274 3793 5.
1301 3718 1342 3768 ar
1349 3713 1384 3786 9.
1410 3692 1612 3784 temporibus
1635 3693 1813 3782 equalibus
1834 3696 1969 3787 aequalia
1983 3679 2092 3768 acce·¹

541 3793 623 3864 bunt
641 3791 821 3864 velocitatis
839 3797 1057 3882 incrementa,
1081 3809 1216 3868 vocatur
1238 3809 1346 3864 motus
1371 3791 1598 3889 AEqaaliliter
1621 3789 1837 3864 acceleratus..
1888 3787 2005 3884 Qualis
2030 3791 2084 3866 est

541 3879 577 3960 in
590 3885 758 3961 Gravibus
774 3891 973 3964 cadentibus.

546 4069 549 4076 .
591 4001 623 4100 5.
648 4004 845 4080 ccxxiii.
862 3999 951 4079 Cum
968 4009 987 4079 i
1001 4029 1142 4101 corpore
1158 4027 1252 4082 moto
1262 4003 1294 4107 5.
1306 4029 1390 4100 219.
1402 4007 1603 4100 temporibus
1612 4006 1793 4096 aequalibus
1808 4003 2083 4097 aequalisquanti·

544 4117 594 4171 tas
613 4101 791 4216 uelocitatis
808 4102 1002 4216 detrahitur,
1016 4108 1141 4178 dicetur
1154 4125 1263 4180 motus
1277 4107 1501 4205 AEqrcabiliicr
1515 4105 1724 4189 retardatus,
1741 4101 1844 4218 qualis
1862 4099 1907 4172 est
1924 4103 1957 4176 in
1971 4111 2084 4200 gravi·

478 4215 484 4227 “
542 4195 802 4370 mariagium
828 4204 930 4296 jailis.
988 4202 1105 4276 Motus
1136 4204 1272 4298 quilibet
1304 4204 1487 4278 Accelerati
1517 4201 1570 4274 vel
1595 4197 1763 4274 Retardatt
1793 4219 1950 4273 vocantur
1979 4208 2084 4277 etiam

591 4407 626 4508 5.
651 4407 845 4488 CCXXlV.
869 4405 990 4490 Motus
1004 4421 1061 4509 qui
1086 4441 1155 4492 non
1175 4419 1221 4491 est
1238 4419 1439 4504 Uniforme,
1465 4418 1520 4491 sed
1535 4417 1761 4505 Acceleratus,
1787 4438 1841 4490 aut
1857 4415 2081 4508 Retatdatus,

543 4507 651 4602 potest
670 4515 802 4604 concipi
822 4516 1021 4608 compostus
1045 4537 1086 4586 ex
1116 4519 1260 4589 motibus
1283 4517 1525 4608 uniformibus,
1550 4537 1689 4610 quorum
1708 4514 1924 4609 unusquisque
1939 4537 2081 4612 perage-

535 4595 638 4683 batur
656 4625 808 4705 tempore
838 4603 963 4687 infinite
984 4625 1106 4706 parvo,
1132 4613 1185 4687 sed
1210 4619 1343 4711 corpori
1364 4609 1543 4706 accefliilb,
1568 4609 1799 4726 veldecessilse
1819 4612 2015 4687 celeritatem
2030 4616 2081 4726 ’in

1067 4745 1070 4754 .
1987 4729 2082 4802 prm.
