4282 5962
440 282 535 379 oe
575 206 1058 371 contessum
1096 275 1591 380 mrtntttmrrt
1708 314 1790 405 ,02

538 494 666 591 Jundia
687 490 795 589 lapido
817 488 1014 562 calamitati
1030 482 1109 585 suso
1133 489 1169 560 itt
1192 487 1361 567 cochleati.

308 682 503 777 Malangany
525 696 602 747 cum
629 673 727 745 latete
752 666 909 742 cotton
934 668 994 739 62.

307 783 395 852 Salia
420 796 496 848 cum
521 771 693 845 Marmore
717 768 794 840 albo
817 762 852 835 m
879 783 938 859 52.

309 880 423 953 Burrus
445 892 522 945 cum
547 868 691 964 Quercu
714 867 836 939 turcica
859 867 894 944 lb
920 863 978 937 62.

540 1067 672 1163 Juada
695 1065 851 1141 Armine
873 1083 946 1133 ctttn
969 1061 1028 1134 ovi
1051 1060 1226 1135 ortamine.

309 1267 395 1341 Tiiia
418 1286 495 1337 curn
519 1263 619 1336 latete
641 1260 740 1333 costo
758 1255 803 1329 lii.
828 1277 890 1350 92.

312 1464 345 1555 §.
370 1461 543 1538 mcviii.
568 1453 726 1556 Quihas
749 1454 991 1527 observationes
1022 1472 1149 1527 attento
1176 1457 1287 1528 animo
1310 1456 1517 1550 perpendet,
1552 1460 1681 1553 penitus
1712 1480 1795 1541 con·
1901 1530 1905 1557 ,

261 1568 433 1652 vincetur,
457 1559 686 1634 coherentiam
705 1574 775 1624 non
798 1574 818 1622 a
839 1550 946 1644 pressu
972 1550 1072 1623 liuidi-
1093 1554 1260 1640 ext'emo',
1295 1553 1360 1625 five
1380 1554 1560 1631 fluidorum
1580 1559 1797 1635 diveriillima·

260 1685 335 1734 tum
359 1663 550 1732 tenuitatutn
569 1654 728 1749 pendere:
754 1652 831 1742 quia
852 1648 1027 1741 quodlibet
1048 1647 1186 1720 fluidum
1208 1670 1350 1743 corpora
1375 1651 1472 1723 densa
1494 1652 1530 1725 dt
1552 1662 1725 1749 compasta
1740 1680 1797 1733 ve·

260 1761 464 1841 hementius,
490 1776 587 1845 quam
612 1747 761 1821 utillima
785 1744 822 1817 lit
842 1743 1041 1839 porofislima
1065 1750 1292 1838 comprimet,
1324 1748 1445 1840 illaque
1469 1747 1616 1838 fortius,
1640 1754 1712 1827 lraec
1736 1758 1799 1827 im·

264 1854 412 1926 becillius
434 1852 655 1925 cohaerescere
676 1846 795 1933 saciet,
819 1843 912 1937 quod
935 1845 968 1915 in
988 1847 1221 1934 experimentis
1243 1868 1311 1917 non
1335 1845 1398 1916 suit
1419 1846 1639 1921 observatum:
1665 1851 1735 1947 Qui
1752 1874 1800 1923 ta·

261 1974 340 2024 men
374 1950 539 2041 praesraiie
565 1942 830 2035 illipraejadicio
859 1942 1042 2028 inhaerere,
1076 1938 1112 2012 δι
1143 1940 1372 2037 pugnaciffimc
1414 1943 1589 2016 defendere
1629 1947 1801 2019 multifaria

265 2047 370 2120 fluida
388 2067 426 2116 ut
448 2045 566 2116 horum
590 2039 766 2111 effectuum
798 2038 935 2125 causas,
965 2040 1130 2124 voluerit,
1163 2062 1231 2110 non
1258 2062 1386 2131 parum·
1402 2041 1599 2115 difficultatis
1623 2042 1661 2117 δι
1681 2044 1802 2119 laboris

263 2144 430 2228 inveniet,
456 2162 493 2212 ut
516 2139 548 2210 se
571 2138 750 2230 expediat,
775 2132 810 2208 &
836 2139 994 2232 genuinas
1016 2136 1189 2225 linnasque
1211 2137 1502 2211 demonstrationes
1523 2147 1713 2216 concinnet

316 2239 356 2311 In
380 2237 432 2311 his
461 2237 691 2331 experimentis
712 2238 811 2304 etiam
834 2252 944 2324 patet,
969 2254 1111 2323 corpora
1131 2253 1172 2300 ex
1197 2234 1315 2323 triplici
1341 2256 1444 2328 regno
1470 2239 1502 2308 io
1529 2239 1652 2311 molem
1674 2241 1802 2313 sinnam

265 2340 370 2423 uniri,
395 2339 442 2407 uti
461 2356 539 2406 cum
558 2334 684 2426 lignum
707 2328 740 2398 Τ
742 2330 803 2398 iliae
825 2350 904 2397 cum
925 2328 1034 2415 lapide
1057 2328 1199 2396 eaeruleo
1221 2349 1288 2411 ope
1300 2328 1435 2417 glutinis
1456 2339 1572 2404 taurim
1592 2338 1801 2431 iungebntur.

318 2432 482 2505 Nondum
501 2448 618 2503 omncs
639 2426 800 2523 glutinum
814 2423 938 2515 species
960 2421 1212 2515 cognoscimus,
1236 2439 1292 2489 aot
1310 2422 1344 2487 in
1364 2424 1455 2490 usum
1474 2446 1593 2497 votare
1609 2434 1802 2503 did1cimus.;

269 2531 470 2604 hauddubie
485 2528 611 2625 glutina
624 2521 729 2595 multo
746 2520 965 2613 praestantiora
978 2517 1121 2613 cognitis
1135 2513 1235 2586 serior
1249 2536 1326 2587 etas
1343 2517 1649 2611 inveniet,plurima
1665 2550 1804 2623 regnum

267 2628 406 2703 animale
434 2622 677 2719 suppeditabit:
710 2616 852 2688 Concha
878 2618 1032 2700 marina,
1067 2634 1142 2704 quae
1173 2614 1282 2707 Lepas
1314 2612 1379 2684 uve
1411 2617 1575 2711 Patella,
1608 2622 1803 2696 nostratibus

268 2728 462 2822 Klipkieoer
475 2738 631 2803 vocatur,
657 2710 694 2785 δι
709 2711 883 2784 multatum
897 2712 945 2781 est
960 2710 1137 2803 specierum
1154 2730 1194 2779 ac
1208 2710 1408 2796 formarum,
1432 2712 1626 2804 politiiirmae
1637 2722 1710 2809 rupi
1730 2720 1803 2814 glu-

268 2829 337 2898 tine
360 2823 417 2895 suo
432 2819 517 2892 adeo
542 2814 676 2887 firmiter
698 2810 731 2897 se
748 2808 912 2895 adnectit,
937 2827 973 2878 ut
995 2810 1050 2878 virt
1072 2801 1166 2878 avelli
1188 2802 1296 2897 polilt.
1346 2804 1462 2879 Urtica
1476 2814 1601 2883 muira
1621 2814 1714 2891 simili
1730 2816 1804 2909 gluf

267 2924 337 2993 tine
361 2916 523 3013 lapidibus
538 2906 710 2983 firmiffime
727 2904 925 2977 adnesiitur:
939 2902 1134 2997 Suspicatus
1150 2900 1198 2971 fui
1209 2900 1356 2995 ‚polypos
1370 2904 1528 3001 aquatiles
1544 2900 1684 2982 brachiis
1705 2912 1805 3007 gluti·

267 3016 355 3092 nolis
378 3007 591 3094 animalcula,
610 3028 690 3097 ‚que
708 3003 772 3075 illis
796 3003 919 3097 cibatui
944 3000 1042 3097 sunt,
1065 2998 1251 3097 inuiscqtc:
1286 2999 1432 3093 plurimae
1457 3004 1658 3097 mytalotum
1681 3006 1804 3103 species

268 3115 324 3185 sila
349 3109 528 3181 admodum
548 3098 708 3199 glutinosa
724 3099 849 3169 ducunt
872 3098 952 3192 (a)
978 3090 1158 3195 Hortenses
1174 3094 1334 3168 Cochleae
1349 3094 1386 3169 dt
1400 3098 1552 3181 Limaccs
1567 3106 1713 3199 muitum
1755 3098 1811 3178 lu··

270 3198 367 3295 tinls,
393 3218 594 3298 quocunque
618 3212 756 3289 repunt,
778 3214 821 3267 ex
840 3214 982 3289 corpore
1006 3196 1179 3281 emittunt,
1202 3196 1289 3265 viam
1310 3196 1472 3272 emensam
1490 3198 1713 3273 ostendentis:
1731 3129 1805 3279 {oc

268 3307 395 3405 glutine
414 3299 562 3373 nondum
586 3294 633 3368 uli
652 3290 968 3383 sueruntattilices,
994 3290 1049 3362 sed
1070 3288 1216 3363 Medicis
1237 3292 1374 3365 nonest
1397 3296 1614 3397 incognitum.
1650 3294 1653 3299 ’

318 3416 520 3513 §,‚,MCIX.
544 3411 794 3503 Nonnunquam
822 3411 895 3483 duae
927 3410 1036 3483 fluide
1062 3407 1169 3481 massae
1196 3412 1340 3500 partibus
1373 3412 1437 3485 sese
1461 3415 1628 3489 fortiffime
1652 3418 1809 3492 trahenti·

270 3523 333 3593 bus
359 3517 537 3601 constant,
571 3508 657 3581 adeo
680 3529 717 3579 ut
742 3508 901 3597 petroiilae
918 3512 953 3577 in
979 3507 1103 3577 sannam
1127 3507 1251 3577 molem
1282 3508 1494 3585 solidescunt:
1532 3512 1655 3590 Oleum
1681 3516 1807 3591 Tartari

272 3641 332 3710 pcr
353 3616 533 3705 deliquium
562 3604 698 3679 affusum
724 3602 802 3674 olco
831 3602 952 3673 vittioli
973 3603 1083 3673 unitur
1112 3602 1146 3671 in
1173 3600 1289 3681 solidas
1318 3606 1512 3700 myli-allos,
1547 3634 1620 3702 quae
1653 3612 1808 3688 Tartarus

274 3712 467 3786 Vitriolatus
489 3705 723 3799 appellantur:
748 3702 888 3793 Spiritus
912 3698 1026 3771 Utine
1050 3692 1088 3769 δι
1110 3695 1260 3769 Alcohol
1279 3696 1357 3769 Vini
1384 3701 1615 3801 subtilissimum
1637 3716 1673 3783 in
1694 3713 1809 3784 duram

270 3810 380 3885 offam·
400 3809 540 3893 cadunt:
564 3799 668 3895 queis
687 3801 784 3873 etiam
808 3795 945 3869 efficitur
966 3818 987 3867 a
1011 3796 1133 3887 Spiritu
1159 3792 1282 3879 Cornu
1308 3788 1411 3869 Certi
1428 3798 1464 3871 dt
1489 3803 1671 3878 Alcohole:
1702 3810 1808 3891 Albu-

271 3934 348 3981 men
374 3906 428 3977 ovi
454 3923 531 3974 cum
555 3896 716 3991 praestanti
740 3894 822 3968 Salis
845 3895 960 3965 marini
990 3892 1114 3983 Spiritu
1133 3894 1311 3987 agitatione
1341 3900 1497 3989 continua
1525 3898 1618 3973 firme
1655 3926 1809 3979 concres-

271 4011 335 4079 cit:
361 4004 483 4074 Oleum
507 3998 665 4069 divarum
690 4014 766 4065 cum
788 3992 886 4084 Aqua
906 3989 982 4063 forti
1003 3994 1038 4063 in
1061 3988 1193 4063 nuliam
1214 3988 1377 4063 friabilem
1390 3997 1610 4093 coagulatur:
1631 4001 1706 4075 Lac
1729 4024 1808 4075 cum

272 4105 369 4175 acido
394 4102 428 4169 in
452 4096 579 4168 caseum
612 4092 729 4163 durum
760 4091 918 4164 vertitur:
954 4088 1019 4163 Sed
1049 4086 1170 4161 horum
1202 4085 1347 4178 superius
1376 4098 1578 4172 mentionem
1610 4099 1746 4173 fecimus
1772 4105 1807 4173 in

272 4200 304 4300 ᾗ.
336 4220 440 4271 1022.

320 4316 354 4415 ς.
380 4309 507 4389 MCX.
533 4308 616 4382 Sunt
637 4328 774 4402 quoque
798 4327 961 4400 corpora,
984 4328 1128 4401 quotam
1149 4324 1258 4401 partes
1283 4315 1376 4401 ptius
1401 4314 1545 4407 molles,
1566 4316 1716 4395 dtuioret
1740 4318 1805 4486 ἵε

311 4609 373 4693 (ι)
392 4605 561 4673 L’Histoire
582 4604 619 4667 de
643 4602 759 4668 i'Acad.
779 4604 858 4682 Ray.
884 4600 940 4668 As.
965 4612 1140 4756 rpitssprg.
1167 4616 1238 4679 rao.
1363 4582 1367 4587 ¹
1513 4584 1517 4589 ’

1092 4705 1111 4754 e
1135 4704 1154 4754 e
1180 4708 1203 4756 a
