4546 6080
588 357 670 438 nr
871 281 1851 436 υΕ-ΜοτυιόιΑνΙυΜ

587 545 672 618 dnus
692 543 738 616 est
762 546 796 616 in
814 557 978 614 tormento
999 534 1034 608 dt
1052 536 1200 608 nondum
1222 532 1460 626 Inflammams:
1486 535 1709 614 Nihilominus
1732 546 1831 618 nimie
1855 558 2010 630 tomenti
2029 561 2103 638 lon·

585 643 701 740 gitudo
725 658 842 724 nocet,
867 656 942 708 nem
966 633 1042 704 licet
1062 636 1094 704 in
1117 633 1301 730 longissimo
1326 653 1490 706 tormento
1508 637 1614 724 omnis
1634 639 1739 729 pulvis
1760 643 1971 738 incendatur,
1996 669 2104 736 tamen

569 739 702 835 globus
716 740 748 808 in
759 737 810 808 vie
824 756 884 826 per
905 733 1045 802 animam
1062 732 1235 816 tormenti,
1260 734 1424 818 atteritur,
1440 734 1639 805 ueteratorie
1655 738 1815 826 parietes,
1842 735 2041 840 retntditur,
2054 778 2103 830 et·

584 855 651 926 que
670 835 713 904 ita
732 833 851 904 minori
873 830 1046 904 velocitate
1063 829 1157 911 ertit,
1188 849 1286 920 quem
1310 849 1351 900 ex
1374 847 1539 926 tormento
1561 829 1724 906 breviori:
1754 833 1832 908 ltine
1853 841 2039 921 Architecti·
2055 857 2102 926 rei

583 930 728 1004 militaris
757 928 815 1002 sub
834 925 985 1018 Principe
1005 924 1149 996 Aurinco
1176 922 1336 994 Mauritio
1358 944 1518 998 tormento
1531 926 1709 1094 leffiiffime
1723 934 1862 1024 primum
1880 941 2101 1038 explorarunt,

582 1019 701 1098 deinde
725 1024 807 1096 serre
826 1043 934 1118 portes
956 1024 1056 1094 varias
1076 1019 1297 1103 absciderunt,
1322 1021 1431 1092 donec
1459 1021 1576 1094 leudn'
1614 1047 1699 1098 mam
1724 1027 1767 1100 ab
1794 1036 1992 1124 experiendi
2018 1045 2101 1118 dIdi.

581 1142 696 1194 cerunt
715 1119 970 1288 longitudinem:
994 1117 1049 1191 illa
1072 1121 1160 1190 enim
1182 1117 1228 1188 ell
1254 1115 1479 1206 laudatissima,
1506 1142 1581 1210 quae
1604 1127 1696 1196 omni
1715 1124 1847 1216 pulvere
1873 1134 2005 1210 incenso
2026 1142 2102 1238 glo.

581 1221 661 1290 bum
680 1221 713 1290 in
731 1240 807 1314 gun
827 1217 944 1302 Imber,
968 1236 1109 1308 eumque
1128 1215 1170 1285 ed
1185 1216 1361 1287 maximum
1381 1213 1583 1290 intervallum
1602 1223 1733 1294 excutit

482 1381 486 1388 ,
613 1333 659 1506 g.
685 1331 880 1409 DCCXII.
912 1329 1058 1430 Quando
1080 1330 1263 1404 incenditur
1284 1351 1482 1406 tormentum
1501 1353 1671 1408 oneratum
1698 1336 1750 1410 vel
1779 1339 2098 1438 solopulvere,ve1

576 1456 615 1527 pt
637 1453 711 1506 vere
736 1427 772 1504 dt
802 1430 938 1528 globo,
973 1431 1161 1502 retrocutrit
1192 1428 1235 1499 od
1263 1429 1387 1522 aliquot
1411 1429 1540 1522 pallus:
1574 1431 1661 1528 Quo
1684 1439 1810 1532 gravius
1835 1441 1941 1518 eston
1970 1452 2098 1540 minus,

577 1552 647 1623 quo
672 1531 773 1603 levIus
798 1549 842 1600 eo
868 1528 970 1620 plus:
1004 1523 1212 1597 Retrocurrit
1235 1547 1402 1600 oneratum
1428 1526 1499 1598 solo
1517 1529 1677 1619 pulvere,
1711 1536 1788 1626 quie
1817 1537 1871 1609 hic
1893 1543 2045 1618 Incensus·
2065 1551 2099 1623 se

470 1697 475 1710 ,
576 1623 820 1719 quoquoversus
846 1622 1212 1715 explicat,antr0rsum
1234 1623 1320 1718 gulae
1344 1625 1456 1696 resistit
1485 1627 1560 1712 nir,
1586 1628 1619 1699 in
1645 1643 1772 1702 camera
1792 1635 1905 1710 refistit
1926 1662 2001 1733 pnrs
2032 1665 2098 1719 tor·

575 1726 677 1794 menti
699 1721 846 1813 postica,
870 1718 906 1792 dt
930 1720 974 1790 src
998 1737 1104 1790 totum
1129 1717 1259 1810 pondus
1281 1725 1435 1794 tormenti
1451 1772 1464 1808 ,
1489 1721 1580 1813 quod
1596 1727 1718 1798 unitam
1733 1730 1863 1806 mollem
1879 1756 1955 1808 curn
1970 1762 2097 1816 comem

573 1819 693 1905 efficit,
709 1821 752 1888 ite
760 1837 914 1907 quantum
923 1817 1087 1912 adrrengit
1096 1814 1245 1904 adversus
1253 1818 1468 1910 explicantem
1477 1819 1540 1892 sese
1549 1819 1715 1912 pulverem
1723 1827 1886 1900 incensum
1897 1879 1909 1923 ,
1919 1851 2100 1914 tontumre.

574 1916 652 1988 sistit
666 1935 801 2007 quoque
815 1933 1038 1999 tormentum,
1062 1913 1154 2004 quod
1168 1913 1245 1984 ideo
1262 1914 1304 1986 ad
1319 1916 1476 2006 polIIcem
1492 1937 1616 2009 partem
1625 1919 1783 2011 pelletur,
1810 1925 1872 1996 five
1884 1938 2101 2028 retrogredie.

572 2032 651 2085 ture
683 2009 808 2082 Verum
839 2032 916 2085 cum
940 2012 974 2080 in
999 2029 1164 2082 tormento
1187 2009 1233 2081 elI
1245 2011 1364 2107 globus
1385 2013 1509 2085 ferreus
1556 2017 1663 2101 ravis,
1694 2018 1749 2091 hic
1773 2023 1869 2092 etiam
1894 2026 2004 2100 refisttr
2025 2034 2100 2122 pul.

572 2112 640 2184 veri
668 2107 826 2195 Incenso,
855 2108 940 2180 adeo
967 2127 1005 2179 ut
1033 2107 1202 2180 elallicitas
1225 2109 1346 2180 Incensi
1370 2109 1511 2202 pulterIs
1531 2036 1563 2182 Ie
1586 2115 1749 2206 utrimque
1775 2117 1970 2208 explicando
1997 2123 2100 2202 &e-

572 2207 661 2298 quali
690 2208 723 2277 vi
752 2206 950 2297 operando,
974 2225 1069 2296 eque
1095 2203 1232 2296 repellat
1254 2225 1452 2278 conuentum
1474 2207 1665 2295 retrorsum,
1695 2233 1734 2284 ac
1759 2212 1896 2308 globum
1919 2223 2098 2300 antrotsum

569 2303 663 2376 fimul
693 2323 770 2374 cum
802 2301 964 2374 reillente
995 2299 1099 2374 Adre.
1147 2300 1268 2376 Sitris
1298 2301 1566 2392 pulveriszza.
1591 2304 1689 2378 malla
1714 2313 1970 2402 tormentiZI,
2003 2322 2099 2398 masia

569 2463 745 2563 globi3g.
769 2463 831 2533 erit
851 2458 1007 2532 velocitas
1028 2461 1183 2532 tormenti
1205 2480 1269 2553 qun
1293 2461 1467 2534 retrorsum
1483 2428 1706 2601 pellicum}
1718 2464 1913 2570 &velocius
1921 2473 2012 2572 globi
2019 2449 2091 2554 :2

569 2645 645 2712 qute
672 2621 744 2692 sunt
776 2624 867 2784 utiff
888 2617 930 2689 ad
950 2635 979 2692 t.
1004 2617 1125 2688 ideofi
1150 2617 1281 2706 pondus
1308 2617 1400 2710 globi
1421 2621 1577 2702 fueritin
1605 2649 1663 2714 24.
1689 2623 1725 2697 dt
1750 2635 1904 2704 tormenti
1928 2631 1963 2707 IIl
1990 2567 2096 2730 6405,

568 2721 631 2790 erit
656 2715 812 2786 velocitas
829 2713 923 2807 gobi
950 2713 993 2782 ed
1012 2731 1085 2780 eam
1105 2713 1283 2791 tormenti,
1305 2713 1354 2779 uti
1380 2711 1454 2782 266
1476 2717 1519 2784 ad
1547 2737 1578 2784 r.
1605 2715 1641 2787 or
1666 2722 1744 2792 ideo
1770 2726 1792 2794 fi
1818 2727 1939 2821 globus
1962 2754 2098 2824 procur·

565 2827 725 2912 ratooo.
748 2825 851 2916 pedes
873 2825 907 2892 in
929 2819 1006 2906 ml,
1038 2838 1237 2892 tormentum
1260 2822 1446 2895 retrocedet
1467 2829 1522 2921 αξξ
1547 2827 1649 2920 pedes
1674 2833 1792 2907 eodem
1819 2857 1995 2938 tempore,
2020 2835 2099 2928 ιω

564 2939 656 3013 lente
678 2935 782 3008 modo
809 2930 1053 3030 retrogredirur.

614 3054 648 3158 §.
673 3052 884 3132 DCCXIII.
909 3055 943 3127 Si
977 3070 1178 3156 tormentum
1198 3054 1233 3123 in
1258 3073 1354 3124 curru
1378 3050 1520 3142 politum
1543 3049 1690 3149 affigetur
1714 3051 1805 3140 solo,
1830 3078 1868 3130 ut
1892 3066 2100 3140 retrocedere

565 3176 737 3250 nequent,
769 3175 832 3227 nec
870 3149 1072 3224 dextrorsum
1105 3169 1162 3221 eut
1191 3146 1400 3222 finistrorsum
1433 3150 1587 3235 moveri,
1628 3169 1697 3221 tum
1719 3153 1887 3246 explosum
1910 3159 2023 3232 nititur
2047 3185 2100 3235 re-

545 3253 731 3342 trorsum,
757 3247 794 3324 du
808 3251 929 3342 rumpit
942 3247 1154 3332 ferramenta,
1180 3267 1255 3340 quae
1271 3267 1364 3319 nutes
1389 3247 1540 3317 retinent.
1565 3243 1662 3338 Saepe
1688 3253 1908 3342 convertitur,
1932 3257 2010 3347 quic
2027 3279 2096 3334 tum

566 3353 674 3422 omnis
696 3351 743 3422 vis
769 3347 969 3440 impenditur
989 3346 1023 3417 in
1049 3345 1208 3443 globum,
1234 3339 1480 3415 &suffocando
1503 3341 1550 3412 est
1573 3365 1594 3414 n
1618 3361 1793 3418 tormento.

613 3448 649 3520 Si
670 3443 856 3537 hujusmodl
876 3461 1077 3515 tormentum
1100 3443 1199 3532 uteie¹
1214 3442 1323 3512 currui
1348 3434 1385 3511 dt
1411 3438 1482 3512 solo
1506 3437 1672 3538 'alligatum
1695 3440 1819 3533 suerit,
1849 3465 1957 3539 partes
1981 3453 2097 3548 euplo·

566 3543 590 3618 fi
619 3543 772 3616 tormenti
799 3540 1010 3614 vehementer
1033 3533 1298 3612 contremiscunt.

572 3663 577 3670 ·
617 3639 711 3714 Solet
732 3657 933 3711 tonnentnm
956 3636 1128 3730 explosum
1153 3633 1206 3710 uel
1227 3634 1432 3708 dextrorsum
1465 3633 1518 3708 vel
1543 3635 1752 3714 finilltorsum
1782 3639 2014 3734 aliquantulum
2047 3671 2097 3722 te·

566 3737 719 3832 tropelli,
745 3734 781 3810 de
804 3736 1017 3834 globus-tum
1033 3735 1234 3828 aliquantum
1256 3732 1457 3806 dextrorsum
1472 3733 1524 3805 vel
1545 3734 1755 3808 sinistrorsum
1781 3743 1967 3814 excutiorr:
1992 3742 2095 3841 Quod

565 3835 626 3923 fit,
651 3838 728 3928 quie
752 3833 879 3907 necesse
900 3833 947 3906 est
970 3853 1007 3905 ut
1027 3832 1147 3932 globus
1165 3829 1288 3902 ferreus
1314 3831 1351 3901 lit
1375 3833 1510 3902 minoris
1535 3831 1683 3903 diometri
1708 3854 1805 3923 quam
1831 3839 1938 3906 anima
1953 3857 2095 3916 tormen·

565 3937 611 4022 εἰς
635 3955 778 4028 cumque
798 3931 898 4004 solent
918 3929 1038 4028 globus
1057 3927 1123 3999 effe
1146 3927 1265 4018 asperae
1290 3925 1490 4018 superficiei,
1514 3945 1578 3997 nec
1602 3929 1637 3998 in
1663 3928 1837 4017 persestam
1862 3930 1961 4023 pilum
1978 3956 2093 4012 rotun-

566 4032 687 4119 detur,
712 4035 746 4104 in
767 4028 903 4102 decursu
929 4049 989 4119 per
1017 4027 1156 4094 animem
1174 4022 1326 4092 tormenti
1345 4023 1480 4092 incurrit
1504 4023 1538 4090 in
1562 4020 1690 4105 lutere,
1714 4045 1734 4096 e
1759 4028 1876 4116 quibus
1899 4034 1993 4104 variis
2018 4039 2094 4109 ulci-

560 4127 846 4222 busaerepellirur,
877 4129 1052 4212 antequem
1085 4139 1129 4189 ex
1160 4135 1326 4189 tormento
1358 4116 1500 4202 evolet;
1533 4115 1666 4192 ultimus
1690 4122 1834 4196 incursus
1860 4126 1893 4197 in
1919 4128 2003 4202 lotus
2027 4153 2094 4206 tor·

560 4229 664 4296 menti
687 4225 803 4308 efficit,
827 4240 864 4292 ut
883 4218 935 4292 vel
949 4215 1150 4290 dextrorsum
1165 4213 1218 4290 vel
1236 4211 1442 4288 sinistrorsum
1466 4213 1667 4306 aliquantum
1692 4219 1823 4306 evolet,
1844 4221 1995 4318 adeoque
2019 4237 2089 4304 bon

564 4339 694 4392 monent
722 4324 757 4392 in
786 4317 906 4390 eodem
929 4314 1029 4407 plano
1053 4334 1130 4386 cum
1155 4308 1316 4404 scopo&
1341 4331 1535 4399 tormento,
1568 4316 1612 4386 ita
1635 4314 1740 4409 ipsum
1765 4339 1964 4396 conuentum
1988 4345 2093 4401 retro·

565 4415 716 4510 pellittu,
742 4414 778 4488 dt
798 4415 841 4488 nd
865 4413 947 4486 loms
967 4412 1146 4484 direttione
1168 4409 1307 4484 adverso.

577 4589 581 4598 ,
615 4513 674 4590 An
703 4533 773 4586 non
801 4509 906 4603 posset
930 4509 996 4580 hoc
1027 4507 1274 4582 incommodum
1309 4509 1442 4604 minui,
1477 4530 1533 4584 aut
1563 4512 1693 4604 prorsus
1719 4516 1859 4600 evitari,
1890 4518 1913 4590 sr
1938 4519 2029 4616 globi
2053 4525 2090 4596 in

565 4610 744 4720 tbsoltm
767 4607 998 4718 rotunditatem
1010 4605 1247 4700 scrutarentur,
1273 4601 1524 4702 supputentur,
1548 4611 1595 4684 uti
1619 4609 1706 4686 hisce
1731 4615 1929 4708 temporibus
1944 4615 2012 4688 fieri
2026 4637 2093 4732 ςε-

572 4747 576 4758 ’
1269 4728 1276 4742 ἱ
2014 4733 2089 4810 Ριῑο
