4282 5962
436 218 1356 322 macnrnnaum
1576 260 1651 344 m

160 436 379 545 Eetioneas
402 436 484 546 ficar
644 425 802 503 Potentia
825 443 955 499 monem
1137 425 1215 498 Axe
1228 426 1355 496 inundo
1368 427 1431 498 oleo
1444 428 1618 503 olivarum.

163 553 292 632 exopto
331 552 367 601 m
406 531 484 602 Ort·

163 638 283 715 chalco

209 776 361 877 cylindro
382 797 444 847 non
557 765 690 846 Drach.
789 771 888 842 Attr.
914 748 962 839 ord
974 764 1023 840 P.
1125 764 1257 842 Dracb.
1371 771 1470 843 Atir.
1491 771 1539 842 ad
1555 771 1605 843 P.
1745 830 1748 835 .

187 1936 220 2030 ς.
234 1927 410 2053 ,ΒΧἯΙῈ
424 1925 486 2048 ‘Ut
506 1925 579 2000 haec
597 1929 820 2021 experimenta
838 1924 1087 2024 intelligantur,
1124 1923 1290 1998 sciendum
1314 1920 1390 2012 eii,
1420 1924 1658 2017 pondusculum
1669 1945 1734 2009 m,
1768 1947 1798 2011 χ

137 2034 176 2109 R
195 2032 288 2106 forise
307 2048 488 2145 potenuam
508 2046 721 2113 moventem,
754 2024 855 2115 idque
880 2024 1026 2115 suspendi
1051 2028 1137 2096 circa
1161 2022 1345 2114 cylindrum
1376 2023 1480 2110 AB,
1514 2025 1659 2096 diametri
1669 2049 1702 2110 Fi
1736 1991 1767 2114 ὀ
1798 1992 1807 2012 ’

143 2134 200 2207 16.
213 2126 379 2247 'crasi'rons
404 2146 502 2241 qrram
523 2122 668 2195 articulus
692 2123 767 2207 est,
802 2117 837 2191 ἃ
864 2122 1003 2213 proinde
1028 2120 1267 2213 pondusculum
1292 2117 1329 2191 R
1352 2142 1449 2217 agere
1474 2122 1531 2195 sub
1557 2123 1663 2216 specie
1702 2066 1732 2125 Β·
1767 2090 1778 2113 ⁶

135 2234 239 2304 vetius
267 2226 320 2297 ro.
345 2223 530 2318 longrons,
563 2240 661 2310 quam
684 2220 822 2290 aiterum
843 2217 891 2288 est
917 2217 1113 2303 brachium,
1144 2238 1165 2288 e
1194 2239 1264 2308 quo
1288 2219 1411 2307 pendet
1435 2221 1565 2309 pondus
1589 2240 1663 2290 nro·

138 2326 306 2439 rendum:
340 2321 490 2406 adeoque
512 2314 751 2404 ponduscuium
774 2313 811 2382 R
831 2313 1079 2402 multiplicatum
1110 2317 1145 2384 in
1182 2315 1238 2383 16.
1263 2313 1319 2382 dat
1343 2300 1508 2398 attritu'm,
1544 2316 1663 2405 quoii

137 2420 299 2493 drvrdatur
324 2413 444 2484 summu
458 2409 645 2502 ponderum
668 2404 780 2504 P÷Q
788 2407 918 2493 i-AB,
943 2406 1036 2478 datur
1059 2409 1161 2491 ratio,
1186 2427 1260 2498 quae
1285 2407 1332 2476 est
1356 2411 1439 2478 inter
1461 2414 1602 2480 attritum
1627 2407 1664 2479 dt
1724 2433 1729 2444 ·

134 2514 276 2614 pondus.

189 2627 221 2725 s.
247 2622 381 2697 DXIX.
405 2619 459 2691 Ex
486 2619 537 2727 his
566 2614 794 2704 experimentis
818 2628 934 2701 patet,
968 2608 1155 2700 Chalybem
1181 2611 1321 2680 minimo
1354 2609 1464 2701 subjici
1496 2615 1603 2682 attritu
1629 2615 1664 2683 in

137 2723 343 2799 Oricbaicot
368 2718 444 2831 dein
464 2714 580 2804 majori
600 2713 635 2781 in
657 2708 820 2795 Plumbo,
845 2726 916 2780 tum
938 2707 972 2778 in
998 2705 1117 2799 Copto
1142 2705 1265 2797 rubro,
1292 2708 1326 2776 in
1355 2703 1467 2802 Ligno
1495 2706 1664 2800 Guajaco,

137 2826 172 2895 in
197 2819 369 2908 Chalybe,
394 2836 428 2884 rn
452 2813 587 2884 Stanno.

186 2913 378 2990 Commode
397 2929 546 2982 movetur
568 2922 624 2974 aut
643 2906 776 2974 vertitur
799 2901 925 2999 lignum
946 2898 1133 2997 ¹Guajacum
1164 2902 1207 2979 in,
1223 2898 1327 2975 Ferro
1345 2949 1357 2987 ,
1373 2966 1376 2971 .
1390 2919 1445 2975 aut
1469 2899 1604 2975 Ferrum
1629 2906 1665 2976 in

138 3016 310 3107 Guajaco,
334 3032 397 3079 nec
418 3002 545 3076 necesse
570 3000 673 3070 estut
697 2999 808 3071 oleum
833 2999 1019 3091 frequenter
1043 2998 1238 3071 adlinratur:
1268 2994 1331 3071 ne²c
1349 2995 1425 3091 ejus
1449 3004 1585 3091 penuria
1609 3021 1665 3072 ex·

138 3111 265 3282 {temple}
302 3126 424 3222 nocer:
449 3120 568 3197 magna
588 3099 728 3189 partium
761 3097 884 3170 abrasro
915 3119 985 3170 non
1017 3095 1080 3184 fit,
1114 3097 1259 3189 quamvis
1300 3098 1407 3168 arrium
1438 3098 1664 3171 circumversio

163 3232 195 3281 at
213 3231 251 3280 ce
265 3227 390 3278 emma.
1314 3207 1319 3215 -

187 3319 363 3436 §·1?XX·
389 3315 549 3430 Preterea
575 3324 665 3405 petet
685 3311 720 3381 in
741 3309 795 3383 iris
809 3310 1039 3401 experimentis
1069 3308 1183 3404 auge'ri
1215 3311 1360 3383 attritum
1390 3309 1487 3378 audo
1517 3309 1665 3399 pondere

138 3441 288 3512 corpons
309 3434 470 3489 moventis
494 3408 528 3479 dt
551 3418 704 3477 manente
727 3407 896 3499 superficie
917 3407 1023 3477 attriti
1057 3405 1199 3479 eidem:
1233 3406 1310 3498 quia
1335 3430 1353 3477 a
1379 3406 1492 3497 majori
1518 3407 1665 3496 pondere

137 3524 320 3592 eminentes
341 3531 447 3603 partes
469 3502 664 3597 profundius
686 3504 721 3572 in
748 3503 857 3574 caulas
879 3502 1009 3573 alterius
1035 3504 1299 3593 imprimunturt,
1319 3504 1470 3592 adeoque
1494 3525 1569 3573 cum
1594 3526 1668 3573 cor·

139 3640 202 3708 pus
224 3626 436 3703 promovetur
459 3601 512 3674 vel
533 3617 640 3691 partes
660 3600 765 3691 magis
785 3596 954 3669 fleetendae
976 3597 1070 3685 sunt,
1094 3597 1148 3669 vel
1169 3600 1382 3691 propiussuis
1398 3601 1524 3671 basibus
1539 3603 1668 3672 abtum·

138 3712 278 3806 pendae,
306 3723 447 3793 utroque
468 3697 541 3770 casu
564 3695 637 3787 plus
656 3694 817 3766 refistunt.
1262 3700 1265 3707 ·

190 3818 239 3878 2⁰·
267 3802 332 3875 Sed
351 3822 392 3871 ex
416 3794 647 3886 experimentis
672 3790 765 3863 fimul
785 3789 961 3877 elucescit,
987 3807 1199 3887 augmentum
1223 3778 1349 3863 attritus
1372 3812 1441 3863 non
1467 3790 1593 3886 semper
1615 3816 1670 3867 ac·

139 3925 249 3977 curate
273 3900 361 3991 sequi
389 3899 547 3966 rationem
573 3886 729 3980 ponderis
749 3890 846 3961 audii.

190 4020 240 4093 30·
263 3995 404 4109 Regula
423 3994 547 4104 attritus
563 3986 634 4057 sunt
648 3984 844 4080 singulares,
865 4004 967 4079 atque
985 4006 1027 4057 ex
1051 3989 1308 4079 experimentis,
1339 4008 1414 4078 quae
1438 3990 1472 4058 in
1505 3988 1670 4084 singulari·

138 4101 203 4171 bus
226 4093 419 4184 corporrbus
447 4105 646 4181 capruntur,
672 4083 743 4155 sunt
761 4082 940 4171 eruendae,
964 4086 1068 4173 iisqne
1088 4084 1191 4156 modo
1217 4087 1379 4177 proprie:
1412 4108 1487 4158 narn
1514 4086 1671 4177 Chalybis

141 4199 270 4311 attritus
285 4187 533 4305 inorichalco,
557 4182 653 4299 pund
675 4181 752 4252 oleo
768 4180 965 4268 lubricatur,
992 4181 1038 4251 est
1063 4182 1257 4274 plerumque
1277 4202 1402 4253 tanturn
1416 4181 1582 4276 aqualis-,²
1598 4208 1670 4277 pas.

142 4314 181 4460 3¹,
194 4290 373 4478 sissi:
395 4278 1673 4476 ii„iigibiuffinii„fiiis?dissidiis&{aiiiiqssiissii

1463 4431 1477 4477 5
1660 4416 1675 4433 .

144 4486 243 4560 deris.

988 4567 1022 4641 V
1511 4583 1563 4664 4⁰.
1592 4568 1675 4641 Duo
