<?xml version="1.0" encoding="UTF-8"?>
<!DOCTYPE html PUBLIC "-//W3C//DTD XHTML 1.0 Transitional//EN"
    "http://www.w3.org/TR/xhtml1/DTD/xhtml1-transitional.dtd">
<html xmlns="http://www.w3.org/1999/xhtml" xml:lang="en" lang="en">
 <head>
  <title>
</title>
<meta http-equiv="Content-Type" content="text/html;charset=utf-8" />
  <meta name='ocr-system' content='tesseract 3.04.00' />
  <meta name='ocr-capabilities' content='ocr_page ocr_carea ocr_par ocr_line ocrx_word'/>
</head>
<body>
  <div class='ocr_page' id='page_1' title='image "./introductioadph01lulogoog_0387.png"; bbox 0 0 4282 5962; ppageno 0'>
   <div class='ocr_carea' id='block_1_1' title="bbox 303 294 1850 437">
    <p class='ocr_par' dir='ltr' id='par_1_1' title="bbox 303 294 1850 437">
     <span class='ocr_line' id='line_1_1' title="bbox 303 294 1850 437; baseline -0.01 -30"><span class='ocrx_word' id='word_1_1' title='bbox 303 328 383 437; x_wconf 73' lang='lat' dir='ltr'><strong>,n</strong></span> <span class='ocrx_word' id='word_1_2' title='bbox 467 314 552 436; x_wconf 79' lang='lat' dir='ltr'><strong>nn</strong></span> <span class='ocrx_word' id='word_1_3' title='bbox 600 298 995 405; x_wconf 70' lang='lat' dir='ltr'><strong>corporari-M</strong></span> <span class='ocrx_word' id='word_1_4' title='bbox 1042 294 1686 389; x_wconf 74' lang='lat' dir='ltr'><strong>arraucrrorvmun</strong></span> <span class='ocrx_word' id='word_1_5' title='bbox 1841 372 1850 391; x_wconf 92' lang='lat'><strong>.</strong></span> 
     </span>
    </p>
   </div>
   <div class='ocr_carea' id='block_1_2' title="bbox 300 472 1836 725">
    <p class='ocr_par' dir='ltr' id='par_1_2' title="bbox 300 472 1836 725">
     <span class='ocr_line' id='line_1_2' title="bbox 301 472 1836 617; baseline -0.02 -9"><span class='ocrx_word' id='word_1_6' title='bbox 301 528 540 617; x_wconf 86' lang='lat' dir='ltr'><strong>incendanntr,</strong></span> <span class='ocrx_word' id='word_1_7' title='bbox 561 472 691 597; x_wconf 85' lang='lat' dir='ltr'><strong>inferius</strong></span> <span class='ocrx_word' id='word_1_8' title='bbox 712 520 745 587; x_wconf 92' lang='lat' dir='ltr'><strong>in</strong></span> <span class='ocrx_word' id='word_1_9' title='bbox 763 515 795 607; x_wconf 71' lang='lat' dir='ltr'><strong>s.</strong></span> <span class='ocrx_word' id='word_1_10' title='bbox 826 510 931 603; x_wconf 86' lang='lat'>1640.</span> <span class='ocrx_word' id='word_1_11' title='bbox 955 508 1101 583; x_wconf 78' lang='lat' dir='ltr'><strong>notabo:</strong></span> <span class='ocrx_word' id='word_1_12' title='bbox 1123 508 1168 581; x_wconf 85' lang='lat' dir='ltr'><strong>ita</strong></span> <span class='ocrx_word' id='word_1_13' title='bbox 1190 509 1287 581; x_wconf 78' lang='lat' dir='ltr'><strong>edam</strong></span> <span class='ocrx_word' id='word_1_14' title='bbox 1311 512 1330 583; x_wconf 85' lang='lat' dir='ltr'><strong>i</strong></span> <span class='ocrx_word' id='word_1_15' title='bbox 1354 510 1477 600; x_wconf 81' lang='lat' dir='ltr'>Spiritu</span> <span class='ocrx_word' id='word_1_16' title='bbox 1506 512 1598 589; x_wconf 84' lang='lat' dir='ltr'><strong>Nini</strong></span> <span class='ocrx_word' id='word_1_17' title='bbox 1623 528 1836 588; x_wconf 65' lang='lat' dir='ltr'><strong>conternata&gt;</strong></span> 
     </span>
     <span class='ocr_line' id='line_1_3' title="bbox 300 604 1452 725; baseline -0.017 -22"><span class='ocrx_word' id='word_1_18' title='bbox 300 628 505 725; x_wconf 86' lang='lat' dir='ltr'>phosphorus</span> <span class='ocrx_word' id='word_1_19' title='bbox 528 618 733 701; x_wconf 86' lang='lat' dir='ltr'>incenditur,</span> <span class='ocrx_word' id='word_1_20' title='bbox 757 636 778 687; x_wconf 92' lang='lat' dir='ltr'><strong>a</strong></span> <span class='ocrx_word' id='word_1_21' title='bbox 802 608 894 703; x_wconf 80' lang='lat' dir='ltr'><strong>cujus</strong></span> <span class='ocrx_word' id='word_1_22' title='bbox 918 608 1049 684; x_wconf 75' lang='lat' dir='ltr'><strong>flamna</strong></span> <span class='ocrx_word' id='word_1_23' title='bbox 1067 628 1124 683; x_wconf 80' lang='lat' dir='ltr'><strong>vas</strong></span> <span class='ocrx_word' id='word_1_24' title='bbox 1147 604 1337 699; x_wconf 84' lang='lat' dir='ltr'>disploditur</span> <span class='ocrx_word' id='word_1_25' title='bbox 1361 610 1381 705; x_wconf 93' lang='lat'>(</span> <span class='ocrx_word' id='word_1_26' title='bbox 1416 610 1452 707; x_wconf 91' lang='lat'><strong>).</strong></span> 
     </span>
    </p>
   </div>
   <div class='ocr_carea' id='block_1_3' title="bbox 299 754 1836 1453">
    <p class='ocr_par' dir='ltr' id='par_1_3' title="bbox 299 754 1836 1453">
     <span class='ocr_line' id='line_1_4' title="bbox 350 754 1836 869; baseline -0.01 -25"><span class='ocrx_word' id='word_1_27' title='bbox 350 772 382 869; x_wconf 66' lang='lat' dir='ltr'><strong>l.</strong></span> <span class='ocrx_word' id='word_1_28' title='bbox 409 760 603 843; x_wconf 80' lang='lat' dir='ltr'><strong>mxxxii.</strong></span> <span class='ocrx_word' id='word_1_29' title='bbox 627 758 880 853; x_wconf 80' lang='lat' dir='ltr'><strong>Nonnunquam</strong></span> <span class='ocrx_word' id='word_1_30' title='bbox 905 760 1014 857; x_wconf 81' lang='lat' dir='ltr'><strong>ignem</strong></span> <span class='ocrx_word' id='word_1_31' title='bbox 1029 754 1198 849; x_wconf 82' lang='lat' dir='ltr'><strong>expellunt</strong></span> <span class='ocrx_word' id='word_1_32' title='bbox 1214 754 1594 855; x_wconf 82' lang='lat' dir='ltr'><strong>effervescentespartes,</strong></span> <span class='ocrx_word' id='word_1_33' title='bbox 1620 786 1696 855; x_wconf 83' lang='lat' dir='ltr'><strong>quae</strong></span> <span class='ocrx_word' id='word_1_34' title='bbox 1722 786 1836 839; x_wconf 80' lang='lat' dir='ltr'><strong>tamen</strong></span> 
     </span>
     <span class='ocr_line' id='line_1_5' title="bbox 299 853 1836 965; baseline -0.01 -23"><span class='ocrx_word' id='word_1_35' title='bbox 299 870 375 963; x_wconf 79' lang='lat' dir='ltr'><strong>ipsae</strong></span> <span class='ocrx_word' id='word_1_36' title='bbox 399 863 602 965; x_wconf 82' lang='lat' dir='ltr'><strong>frigescunt,</strong></span> <span class='ocrx_word' id='word_1_37' title='bbox 632 859 733 933; x_wconf 92' lang='lat' dir='ltr'><strong>veluti</strong></span> <span class='ocrx_word' id='word_1_38' title='bbox 762 880 838 932; x_wconf 84' lang='lat' dir='ltr'><strong>cuna</strong></span> <span class='ocrx_word' id='word_1_39' title='bbox 872 856 977 947; x_wconf 55' lang='lat' dir='ltr'><strong>Olea,¹</strong></span> <span class='ocrx_word' id='word_1_40' title='bbox 995 853 1127 929; x_wconf 86' lang='lat' dir='ltr'><strong>Vittioli</strong></span> <span class='ocrx_word' id='word_1_41' title='bbox 1160 854 1215 925; x_wconf 88' lang='lat' dir='ltr'><strong>Sal</strong></span> <span class='ocrx_word' id='word_1_42' title='bbox 1242 854 1516 945; x_wconf 83' lang='lat' dir='ltr'><strong>Ammoniacum,</strong></span> <span class='ocrx_word' id='word_1_43' title='bbox 1540 882 1596 935; x_wconf 91' lang='lat' dir='ltr'><strong>aut</strong></span> <span class='ocrx_word' id='word_1_44' title='bbox 1619 860 1674 933; x_wconf 87' lang='lat' dir='ltr'><strong>Sal</strong></span> <span class='ocrx_word' id='word_1_45' title='bbox 1699 863 1836 936; x_wconf 78' lang='lat' dir='ltr'><strong>volatile</strong></span> 
     </span>
     <span class='ocr_line' id='line_1_6' title="bbox 299 948 1834 1057; baseline -0.005 -17"><span class='ocrx_word' id='word_1_46' title='bbox 299 966 413 1039; x_wconf 77' lang='lat' dir='ltr'><strong>Urina</strong></span> <span class='ocrx_word' id='word_1_47' title='bbox 443 962 612 1057; x_wconf 84' lang='lat' dir='ltr'><strong>adjicitur:</strong></span> <span class='ocrx_word' id='word_1_48' title='bbox 627 965 634 991; x_wconf 80' lang='lat'>⁸</span> <span class='ocrx_word' id='word_1_49' title='bbox 652 956 902 1051; x_wconf 79' lang='lat' dir='ltr'><strong>Nonnunquam</strong></span> <span class='ocrx_word' id='word_1_50' title='bbox 927 958 963 1048; x_wconf 87' lang='lat' dir='ltr'><strong>in</strong></span> <span class='ocrx_word' id='word_1_51' title='bbox 994 954 1083 1028; x_wconf 72' lang='lat' dir='ltr'><strong>bite</strong></span> <span class='ocrx_word' id='word_1_52' title='bbox 1107 948 1355 1027; x_wconf 84' lang='lat' dir='ltr'><strong>effervescentes</strong></span> <span class='ocrx_word' id='word_1_53' title='bbox 1385 975 1492 1047; x_wconf 84' lang='lat' dir='ltr'><strong>parter</strong></span> <span class='ocrx_word' id='word_1_54' title='bbox 1516 960 1559 1031; x_wconf 92' lang='lat' dir='ltr'><strong>ab</strong></span> <span class='ocrx_word' id='word_1_55' title='bbox 1594 958 1834 1053; x_wconf 80' lang='lat' dir='ltr'><strong>Atnrosphaerae</strong></span> 
     </span>
     <span class='ocr_line' id='line_1_7' title="bbox 299 1048 1833 1160; baseline -0.018 -22"><span class='ocrx_word' id='word_1_56' title='bbox 299 1066 448 1160; x_wconf 83' lang='lat' dir='ltr'><strong>pondere</strong></span> <span class='ocrx_word' id='word_1_57' title='bbox 474 1078 646 1153; x_wconf 82' lang='lat' dir='ltr'><strong>tantopere</strong></span> <span class='ocrx_word' id='word_1_58' title='bbox 665 1058 1009 1156; x_wconf 23' lang='lat' dir='ltr'><strong>comprimorum-ut</strong></span> <span class='ocrx_word' id='word_1_59' title='bbox 1022 1051 1131 1126; x_wconf 90' lang='lat' dir='ltr'><strong>attritu</strong></span> <span class='ocrx_word' id='word_1_60' title='bbox 1142 1048 1357 1137; x_wconf 82' lang='lat' dir='ltr'><strong>incalescant,</strong></span> <span class='ocrx_word' id='word_1_61' title='bbox 1383 1072 1456 1143; x_wconf 87' lang='lat' dir='ltr'><strong>quae</strong></span> <span class='ocrx_word' id='word_1_62' title='bbox 1471 1056 1505 1126; x_wconf 91' lang='lat' dir='ltr'><strong>in</strong></span> <span class='ocrx_word' id='word_1_63' title='bbox 1517 1078 1622 1127; x_wconf 89' lang='lat' dir='ltr'><strong>vacuo</strong></span> <span class='ocrx_word' id='word_1_64' title='bbox 1635 1056 1727 1149; x_wconf 67' lang='lat' dir='ltr'><strong>hujus</strong></span> <span class='ocrx_word' id='word_1_65' title='bbox 1743 1081 1833 1147; x_wconf 88' lang='lat' dir='ltr'><strong>pon-</strong></span> 
     </span>
     <span class='ocr_line' id='line_1_8' title="bbox 302 1145 1836 1254; baseline -0.009 -20"><span class='ocrx_word' id='word_1_66' title='bbox 302 1164 388 1234; x_wconf 87' lang='lat' dir='ltr'><strong>deris</strong></span> <span class='ocrx_word' id='word_1_67' title='bbox 402 1178 575 1254; x_wconf 83' lang='lat' dir='ltr'><strong>expertes,</strong></span> <span class='ocrx_word' id='word_1_68' title='bbox 594 1176 651 1227; x_wconf 86' lang='lat' dir='ltr'><strong>aut</strong></span> <span class='ocrx_word' id='word_1_69' title='bbox 658 1154 747 1225; x_wconf 77' lang='lat' dir='ltr'><strong>Aine</strong></span> <span class='ocrx_word' id='word_1_70' title='bbox 759 1172 854 1224; x_wconf 85' lang='lat' dir='ltr'><strong>antea</strong></span> <span class='ocrx_word' id='word_1_71' title='bbox 860 1152 981 1226; x_wconf 89' lang='lat' dir='ltr'><strong>latente</strong></span> <span class='ocrx_word' id='word_1_72' title='bbox 993 1150 1136 1241; x_wconf 85' lang='lat' dir='ltr'><strong>orbatae,</strong></span> <span class='ocrx_word' id='word_1_73' title='bbox 1153 1145 1267 1231; x_wconf 87' lang='lat' dir='ltr'><strong>leviter</strong></span> <span class='ocrx_word' id='word_1_74' title='bbox 1279 1150 1383 1221; x_wconf 89' lang='lat' dir='ltr'><strong>modo</strong></span> <span class='ocrx_word' id='word_1_75' title='bbox 1399 1172 1594 1237; x_wconf 90' lang='lat' dir='ltr'><strong>moventur,</strong></span> <span class='ocrx_word' id='word_1_76' title='bbox 1619 1174 1680 1223; x_wconf 84' lang='lat' dir='ltr'><strong>nec</strong></span> <span class='ocrx_word' id='word_1_77' title='bbox 1690 1154 1836 1225; x_wconf 71' lang='lat' dir='ltr'><strong>calentem</strong></span> 
     </span>
     <span class='ocr_line' id='line_1_9' title="bbox 300 1246 1836 1353; baseline -0.007 -21"><span class='ocrx_word' id='word_1_78' title='bbox 300 1263 525 1353; x_wconf 85' lang='lat' dir='ltr'><strong>concipiunt,</strong></span> <span class='ocrx_word' id='word_1_79' title='bbox 557 1256 605 1325; x_wconf 94' lang='lat' dir='ltr'><strong>uti</strong></span> <span class='ocrx_word' id='word_1_80' title='bbox 632 1254 706 1325; x_wconf 88' lang='lat' dir='ltr'><strong>lira</strong></span> <span class='ocrx_word' id='word_1_81' title='bbox 731 1252 853 1343; x_wconf 85' lang='lat' dir='ltr'><strong>Spiritu</strong></span> <span class='ocrx_word' id='word_1_82' title='bbox 876 1248 966 1343; x_wconf 78' lang='lat' dir='ltr'><strong>Nini</strong></span> <span class='ocrx_word' id='word_1_83' title='bbox 993 1246 1139 1332; x_wconf 85' lang='lat' dir='ltr'><strong>solvente</strong></span> <span class='ocrx_word' id='word_1_84' title='bbox 1169 1248 1382 1345; x_wconf 83' lang='lat' dir='ltr'><strong>Argentum,</strong></span> <span class='ocrx_word' id='word_1_85' title='bbox 1414 1268 1486 1323; x_wconf 91' lang='lat' dir='ltr'><strong>tum</strong></span> <span class='ocrx_word' id='word_1_86' title='bbox 1508 1246 1545 1325; x_wconf 66' lang='grc' dir='ltr'>ἃ</span> <span class='ocrx_word' id='word_1_87' title='bbox 1568 1273 1589 1324; x_wconf 92' lang='lat' dir='ltr'><strong>a</strong></span> <span class='ocrx_word' id='word_1_88' title='bbox 1613 1248 1719 1325; x_wconf 77' lang='lat' dir='ltr'><strong>cuce</strong></span> <span class='ocrx_word' id='word_1_89' title='bbox 1742 1254 1836 1341; x_wconf 88' lang='lat' dir='ltr'><strong>viva,</strong></span> 
     </span>
     <span class='ocr_line' id='line_1_10' title="bbox 300 1343 1232 1453; baseline -0.015 -21"><span class='ocrx_word' id='word_1_90' title='bbox 300 1380 375 1453; x_wconf 86' lang='lat' dir='ltr'><strong>quae</strong></span> <span class='ocrx_word' id='word_1_91' title='bbox 399 1358 572 1451; x_wconf 89' lang='lat' dir='ltr'><strong>postquam</strong></span> <span class='ocrx_word' id='word_1_92' title='bbox 592 1352 649 1423; x_wconf 90' lang='lat' dir='ltr'><strong>diu</strong></span> <span class='ocrx_word' id='word_1_93' title='bbox 671 1352 706 1423; x_wconf 91' lang='lat' dir='ltr'><strong>in</strong></span> <span class='ocrx_word' id='word_1_94' title='bbox 726 1370 831 1423; x_wconf 90' lang='lat' dir='ltr'><strong>vacuo</strong></span> <span class='ocrx_word' id='word_1_95' title='bbox 852 1346 936 1448; x_wconf 84' lang='lat' dir='ltr'><strong>suit,</strong></span> <span class='ocrx_word' id='word_1_96' title='bbox 960 1368 1055 1441; x_wconf 90' lang='lat' dir='ltr'><strong>aquae</strong></span> <span class='ocrx_word' id='word_1_97' title='bbox 1081 1343 1232 1439; x_wconf 85' lang='lat' dir='ltr'><strong>injicitur.</strong></span> 
     </span>
    </p>
   </div>
   <div class='ocr_carea' id='block_1_4' title="bbox 300 1478 1846 3140">
    <p class='ocr_par' dir='ltr' id='par_1_4' title="bbox 300 1478 1846 3140">
     <span class='ocr_line' id='line_1_11' title="bbox 306 1478 1840 1595; baseline -0.011 -27"><span class='ocrx_word' id='word_1_98' title='bbox 306 1481 329 1497; x_wconf 81' lang='grc'>”</span> <span class='ocrx_word' id='word_1_99' title='bbox 353 1494 385 1595; x_wconf 66' lang='lat' dir='ltr'><strong>q.</strong></span> <span class='ocrx_word' id='word_1_100' title='bbox 418 1488 630 1567; x_wconf 81' lang='lat' dir='ltr'><strong>Mxxxssl.</strong></span> <span class='ocrx_word' id='word_1_101' title='bbox 663 1482 912 1573; x_wconf 78' lang='lat' dir='ltr'><strong>Nonnunquam</strong></span> <span class='ocrx_word' id='word_1_102' title='bbox 941 1480 1072 1571; x_wconf 85' lang='lat' dir='ltr'><strong>pondua</strong></span> <span class='ocrx_word' id='word_1_103' title='bbox 1094 1478 1331 1573; x_wconf 78' lang='lat' dir='ltr'><strong>Amrospbarae</strong></span> <span class='ocrx_word' id='word_1_104' title='bbox 1360 1504 1502 1579; x_wconf 87' lang='lat' dir='ltr'><strong>corpora</strong></span> <span class='ocrx_word' id='word_1_105' title='bbox 1526 1492 1665 1563; x_wconf 89' lang='lat' dir='ltr'><strong>nimium</strong></span> <span class='ocrx_word' id='word_1_106' title='bbox 1687 1510 1840 1582; x_wconf 72' lang='lat' dir='ltr'><strong>promen.</strong></span> 
     </span>
     <span class='ocr_line' id='line_1_12' title="bbox 302 1578 1838 1686; baseline -0.005 -18"><span class='ocrx_word' id='word_1_107' title='bbox 302 1596 348 1668; x_wconf 90' lang='lat' dir='ltr'><strong>do</strong></span> <span class='ocrx_word' id='word_1_108' title='bbox 373 1592 528 1686; x_wconf 87' lang='lat' dir='ltr'><strong>impedit,</strong></span> <span class='ocrx_word' id='word_1_109' title='bbox 554 1608 590 1657; x_wconf 93' lang='lat' dir='ltr'><strong>ut</strong></span> <span class='ocrx_word' id='word_1_110' title='bbox 611 1584 683 1654; x_wconf 90' lang='lat' dir='ltr'><strong>satis</strong></span> <span class='ocrx_word' id='word_1_111' title='bbox 703 1582 805 1651; x_wconf 88' lang='lat' dir='ltr'><strong>iibere</strong></span> <span class='ocrx_word' id='word_1_112' title='bbox 826 1596 1039 1665; x_wconf 88' lang='lat' dir='ltr'><strong>moveantur,</strong></span> <span class='ocrx_word' id='word_1_113' title='bbox 1062 1578 1141 1650; x_wconf 92' lang='lat' dir='ltr'><strong>ideo</strong></span> <span class='ocrx_word' id='word_1_114' title='bbox 1159 1578 1244 1651; x_wconf 82' lang='lat' dir='ltr'><strong>lenit</strong></span> <span class='ocrx_word' id='word_1_115' title='bbox 1264 1580 1306 1651; x_wconf 87' lang='lat' dir='ltr'><strong>sit</strong></span> <span class='ocrx_word' id='word_1_116' title='bbox 1326 1586 1482 1671; x_wconf 82' lang='lat' dir='ltr'><strong>attritur,</strong></span> <span class='ocrx_word' id='word_1_117' title='bbox 1506 1609 1576 1678; x_wconf 92' lang='lat' dir='ltr'><strong>quo</strong></span> <span class='ocrx_word' id='word_1_118' title='bbox 1601 1610 1670 1659; x_wconf 90' lang='lat' dir='ltr'><strong>non</strong></span> <span class='ocrx_word' id='word_1_119' title='bbox 1696 1590 1838 1662; x_wconf 86' lang='lat' dir='ltr'><strong>multum</strong></span> 
     </span>
     <span class='ocr_line' id='line_1_13' title="bbox 300 1674 1839 1781; baseline -0.016 -17"><span class='ocrx_word' id='word_1_120' title='bbox 300 1692 417 1766; x_wconf 81' lang='lat' dir='ltr'><strong>caloris</strong></span> <span class='ocrx_word' id='word_1_121' title='bbox 440 1686 630 1781; x_wconf 81' lang='lat' dir='ltr'><strong>colligitur;</strong></span> <span class='ocrx_word' id='word_1_122' title='bbox 664 1700 741 1750; x_wconf 93' lang='lat' dir='ltr'><strong>cum</strong></span> <span class='ocrx_word' id='word_1_123' title='bbox 762 1678 796 1747; x_wconf 92' lang='lat' dir='ltr'><strong>in</strong></span> <span class='ocrx_word' id='word_1_124' title='bbox 817 1695 921 1762; x_wconf 83' lang='lat' dir='ltr'><strong>vacuo</strong></span> <span class='ocrx_word' id='word_1_125' title='bbox 945 1695 1016 1761; x_wconf 84' lang='lat' dir='ltr'><strong>non</strong></span> <span class='ocrx_word' id='word_1_126' title='bbox 1038 1674 1142 1769; x_wconf 79' lang='lat' dir='ltr'><strong>pressa</strong></span> <span class='ocrx_word' id='word_1_127' title='bbox 1164 1674 1237 1749; x_wconf 79' lang='lat' dir='ltr'><strong>haec</strong></span> <span class='ocrx_word' id='word_1_128' title='bbox 1256 1696 1399 1771; x_wconf 84' lang='lat' dir='ltr'><strong>corpora</strong></span> <span class='ocrx_word' id='word_1_129' title='bbox 1429 1686 1581 1775; x_wconf 86' lang='lat' dir='ltr'><strong>rapidiori</strong></span> <span class='ocrx_word' id='word_1_130' title='bbox 1612 1707 1705 1757; x_wconf 92' lang='lat' dir='ltr'><strong>motu</strong></span> <span class='ocrx_word' id='word_1_131' title='bbox 1731 1686 1764 1757; x_wconf 92' lang='lat' dir='ltr'><strong>se</strong></span> <span class='ocrx_word' id='word_1_132' title='bbox 1787 1708 1839 1758; x_wconf 87' lang='lat' dir='ltr'><strong>at.</strong></span> 
     </span>
     <span class='ocr_line' id='line_1_14' title="bbox 301 1771 1841 1869; baseline -0.006 -5"><span class='ocrx_word' id='word_1_133' title='bbox 301 1806 438 1869; x_wconf 86' lang='lat' dir='ltr'><strong>terunt,</strong></span> <span class='ocrx_word' id='word_1_134' title='bbox 467 1782 577 1855; x_wconf 76' lang='lat' dir='ltr'><strong>airam</strong></span> <span class='ocrx_word' id='word_1_135' title='bbox 599 1774 821 1849; x_wconf 77' lang='lat' dir='ltr'><strong>adhaerentem</strong></span> <span class='ocrx_word' id='word_1_136' title='bbox 842 1771 969 1859; x_wconf 56' lang='lat' dir='ltr'><strong>bailius</strong></span> <span class='ocrx_word' id='word_1_137' title='bbox 991 1776 1170 1859; x_wconf 88' lang='lat' dir='ltr'><strong>amittunt,</strong></span> <span class='ocrx_word' id='word_1_138' title='bbox 1203 1772 1282 1848; x_wconf 79' lang='lat' dir='ltr'><strong>ideo</strong></span> <span class='ocrx_word' id='word_1_139' title='bbox 1306 1773 1532 1851; x_wconf 75' lang='lat' dir='ltr'><strong>vehementius</strong></span> <span class='ocrx_word' id='word_1_140' title='bbox 1554 1781 1743 1867; x_wconf 87' lang='lat' dir='ltr'><strong>ebulliunt,</strong></span> <span class='ocrx_word' id='word_1_141' title='bbox 1768 1806 1841 1854; x_wconf 89' lang='lat' dir='ltr'><strong>ma·</strong></span> 
     </span>
     <span class='ocr_line' id='line_1_15' title="bbox 300 1868 1841 2059; baseline -0.004 -8"><span class='ocrx_word' id='word_1_142' title='bbox 300 1890 422 2059; x_wconf 77' lang='lat' dir='ltr'><strong>nn</strong></span> <span class='ocrx_word' id='word_1_143' title='bbox 650 1867 1515 2058; x_wconf 72' lang='lat' dir='ltr'><strong>annm</strong></span> <span class='ocrx_word' id='word_1_144' title='bbox 1533 1876 1841 2045; x_wconf 63' lang='lat' dir='ltr'><strong>unvun-</strong></span> 
     </span>
     <span class='ocr_line' id='line_1_16' title="bbox 326 1994 1839 2067; baseline -0.007 -10"><span class='ocrx_word' id='word_1_145' title='bbox 326 2006 388 2057; x_wconf 86' lang='lat' dir='ltr'><strong>us.</strong></span> <span class='ocrx_word' id='word_1_146' title='bbox 424 1998 530 2067; x_wconf 91' lang='lat' dir='ltr'><strong>tmop</strong></span> <span class='ocrx_word' id='word_1_147' title='bbox 1094 2016 1107 2051; x_wconf 59' lang='lat' dir='ltr'><strong>e</strong></span> <span class='ocrx_word' id='word_1_148' title='bbox 1524 2026 1537 2059; x_wconf 92' lang='lat'><strong>,</strong></span> <span class='ocrx_word' id='word_1_149' title='bbox 1636 1994 1745 2045; x_wconf 89' lang='lat' dir='ltr'><strong>aerem</strong></span> <span class='ocrx_word' id='word_1_150' title='bbox 1782 1998 1839 2046; x_wconf 92' lang='lat' dir='ltr'><strong>or·</strong></span> 
     </span>
     <span class='ocr_line' id='line_1_17' title="bbox 306 2063 1842 2161; baseline -0.008 -6"><span class='ocrx_word' id='word_1_151' title='bbox 306 2086 370 2155; x_wconf 88' lang='lat' dir='ltr'><strong>tius</strong></span> <span class='ocrx_word' id='word_1_152' title='bbox 396 2074 615 2155; x_wconf 88' lang='lat' dir='ltr'><strong>trahentium,</strong></span> <span class='ocrx_word' id='word_1_153' title='bbox 638 2068 769 2159; x_wconf 81' lang='lat' dir='ltr'><strong>penitus</strong></span> <span class='ocrx_word' id='word_1_154' title='bbox 783 2063 969 2155; x_wconf 88' lang='lat' dir='ltr'><strong>impedire,</strong></span> <span class='ocrx_word' id='word_1_155' title='bbox 991 2084 1069 2136; x_wconf 88' lang='lat' dir='ltr'><strong>cum</strong></span> <span class='ocrx_word' id='word_1_156' title='bbox 1094 2068 1130 2137; x_wconf 91' lang='lat' dir='ltr'><strong>in</strong></span> <span class='ocrx_word' id='word_1_157' title='bbox 1149 2086 1284 2151; x_wconf 78' lang='lat' dir='ltr'><strong>meua,</strong></span> <span class='ocrx_word' id='word_1_158' title='bbox 1306 2068 1363 2139; x_wconf 72' lang='lat' dir='ltr'><strong>air</strong></span> <span class='ocrx_word' id='word_1_159' title='bbox 1388 2070 1587 2159; x_wconf 81' lang='lat' dir='ltr'><strong>interceptus</strong></span> <span class='ocrx_word' id='word_1_160' title='bbox 1606 2070 1671 2161; x_wconf 82' lang='lat' dir='ltr'><strong>jam</strong></span> <span class='ocrx_word' id='word_1_161' title='bbox 1695 2070 1842 2159; x_wconf 85' lang='lat' dir='ltr'><strong>laxatur,</strong></span> 
     </span>
     <span class='ocr_line' id='line_1_18' title="bbox 303 2160 1842 2269; baseline -0.006 -18"><span class='ocrx_word' id='word_1_162' title='bbox 303 2197 413 2269; x_wconf 88' lang='lat' dir='ltr'><strong>eoque</strong></span> <span class='ocrx_word' id='word_1_163' title='bbox 437 2170 585 2243; x_wconf 88' lang='lat' dir='ltr'><strong>celeriter</strong></span> <span class='ocrx_word' id='word_1_164' title='bbox 609 2164 761 2239; x_wconf 83' lang='lat' dir='ltr'><strong>evolante</strong></span> <span class='ocrx_word' id='word_1_165' title='bbox 783 2160 994 2233; x_wconf 86' lang='lat' dir='ltr'><strong>vehementer</strong></span> <span class='ocrx_word' id='word_1_166' title='bbox 1017 2162 1195 2233; x_wconf 79' lang='lat' dir='ltr'><strong>ebulliunta</strong></span> <span class='ocrx_word' id='word_1_167' title='bbox 1220 2164 1497 2253; x_wconf 77' lang='lat' dir='ltr'><strong>quemadmodum</strong></span> <span class='ocrx_word' id='word_1_168' title='bbox 1523 2164 1562 2237; x_wconf 87' lang='lat' dir='ltr'><strong>fir</strong></span> <span class='ocrx_word' id='word_1_169' title='bbox 1584 2169 1617 2238; x_wconf 91' lang='lat' dir='ltr'><strong>iu</strong></span> <span class='ocrx_word' id='word_1_170' title='bbox 1638 2166 1761 2255; x_wconf 87' lang='lat' dir='ltr'><strong>Spiritu</strong></span> <span class='ocrx_word' id='word_1_171' title='bbox 1780 2168 1842 2241; x_wconf 90' lang='lat' dir='ltr'><strong>Vi·</strong></span> 
     </span>
     <span class='ocr_line' id='line_1_19' title="bbox 304 2256 1843 2363; baseline -0.001 -20"><span class='ocrx_word' id='word_1_172' title='bbox 304 2278 362 2363; x_wconf 85' lang='lat' dir='ltr'><strong>ni,</strong></span> <span class='ocrx_word' id='word_1_173' title='bbox 387 2274 444 2363; x_wconf 89' lang='lat' dir='ltr'><strong>qni</strong></span> <span class='ocrx_word' id='word_1_174' title='bbox 460 2290 537 2341; x_wconf 91' lang='lat' dir='ltr'><strong>cum</strong></span> <span class='ocrx_word' id='word_1_175' title='bbox 552 2282 648 2335; x_wconf 88' lang='lat' dir='ltr'><strong>aceto</strong></span> <span class='ocrx_word' id='word_1_176' title='bbox 663 2260 834 2341; x_wconf 83' lang='lat' dir='ltr'><strong>miscetur,</strong></span> <span class='ocrx_word' id='word_1_177' title='bbox 856 2277 926 2329; x_wconf 78' lang='lat' dir='ltr'><strong>tum</strong></span> <span class='ocrx_word' id='word_1_178' title='bbox 940 2256 1080 2350; x_wconf 74' lang='lat' dir='ltr'><strong>gipsum</strong></span> <span class='ocrx_word' id='word_1_179' title='bbox 1097 2257 1291 2346; x_wconf 85' lang='lat' dir='ltr'><strong>ustulatum,</strong></span> <span class='ocrx_word' id='word_1_180' title='bbox 1313 2264 1407 2353; x_wconf 91' lang='lat' dir='ltr'><strong>quod</strong></span> <span class='ocrx_word' id='word_1_181' title='bbox 1420 2263 1554 2354; x_wconf 89' lang='lat' dir='ltr'><strong>quando</strong></span> <span class='ocrx_word' id='word_1_182' title='bbox 1570 2265 1604 2337; x_wconf 91' lang='lat' dir='ltr'><strong>in</strong></span> <span class='ocrx_word' id='word_1_183' title='bbox 1619 2261 1843 2357; x_wconf 84' lang='lat' dir='ltr'><strong>vac&#39;ququae</strong></span> 
     </span>
     <span class='ocr_line' id='line_1_20' title="bbox 306 2354 1845 2464; baseline -0.006 -22"><span class='ocrx_word' id='word_1_184' title='bbox 306 2372 473 2464; x_wconf 82' lang='lat' dir='ltr'><strong>injicitur,</strong></span> <span class='ocrx_word' id='word_1_185' title='bbox 504 2364 606 2460; x_wconf 77' lang='lat' dir='ltr'><strong>longe</strong></span> <span class='ocrx_word' id='word_1_186' title='bbox 628 2356 855 2454; x_wconf 78' lang='lat' dir='ltr'><strong>vehementius</strong></span> <span class='ocrx_word' id='word_1_187' title='bbox 877 2354 1021 2440; x_wconf 90' lang='lat' dir='ltr'><strong>ebullit,</strong></span> <span class='ocrx_word' id='word_1_188' title='bbox 1053 2376 1152 2443; x_wconf 91' lang='lat' dir='ltr'><strong>quam</strong></span> <span class='ocrx_word' id='word_1_189' title='bbox 1176 2354 1318 2429; x_wconf 83' lang='lat' dir='ltr'><strong>subdio</strong></span> <span class='ocrx_word' id='word_1_190' title='bbox 1342 2360 1433 2452; x_wconf 83' lang='lat' dir='ltr'><strong>(i).</strong></span> <span class='ocrx_word' id='word_1_191' title='bbox 1478 2358 1593 2431; x_wconf 85' lang='lat' dir='ltr'><strong>Veluti</strong></span> <span class='ocrx_word' id='word_1_192' title='bbox 1624 2363 1754 2453; x_wconf 84' lang='lat' dir='ltr'><strong>pondua</strong></span> <span class='ocrx_word' id='word_1_193' title='bbox 1779 2368 1845 2439; x_wconf 86' lang='lat' dir='ltr'><strong>At·</strong></span> 
     </span>
     <span class='ocr_line' id='line_1_21' title="bbox 306 2448 1844 2563; baseline -0.005 -23"><span class='ocrx_word' id='word_1_194' title='bbox 306 2462 439 2563; x_wconf 75' lang='lat' dir='ltr'><strong>sphaera</strong></span> <span class='ocrx_word' id='word_1_195' title='bbox 463 2463 604 2535; x_wconf 89' lang='lat' dir='ltr'><strong>nimium</strong></span> <span class='ocrx_word' id='word_1_196' title='bbox 627 2453 902 2529; x_wconf 84' lang='lat' dir='ltr'><strong>effervescentiam</strong></span> <span class='ocrx_word' id='word_1_197' title='bbox 926 2448 1091 2539; x_wconf 88' lang='lat' dir='ltr'><strong>impedit,</strong></span> <span class='ocrx_word' id='word_1_198' title='bbox 1123 2454 1169 2534; x_wconf 85' lang='lat' dir='ltr'><strong>ita¹</strong></span> <span class='ocrx_word' id='word_1_199' title='bbox 1192 2472 1328 2547; x_wconf 89' lang='lat' dir='ltr'><strong>quoque</strong></span> <span class='ocrx_word' id='word_1_200' title='bbox 1351 2454 1467 2527; x_wconf 77' lang='lat' dir='ltr'><strong>halitus</strong></span> <span class='ocrx_word' id='word_1_201' title='bbox 1490 2456 1638 2531; x_wconf 79' lang='lat' dir='ltr'><strong>eunicus</strong></span> <span class='ocrx_word' id='word_1_202' title='bbox 1661 2480 1703 2531; x_wconf 83' lang='lat' dir='ltr'><strong>ex</strong></span> <span class='ocrx_word' id='word_1_203' title='bbox 1725 2460 1844 2537; x_wconf 88' lang='lat' dir='ltr'><strong>humo·</strong></span> 
     </span>
     <span class='ocr_line' id='line_1_22' title="bbox 305 2544 1845 2656; baseline -0.013 -18"><span class='ocrx_word' id='word_1_204' title='bbox 305 2590 342 2639; x_wconf 91' lang='lat' dir='ltr'><strong>re</strong></span> <span class='ocrx_word' id='word_1_205' title='bbox 369 2558 599 2633; x_wconf 84' lang='lat' dir='ltr'><strong>effervescente</strong></span> <span class='ocrx_word' id='word_1_206' title='bbox 630 2558 774 2641; x_wconf 89' lang='lat' dir='ltr'><strong>primum</strong></span> <span class='ocrx_word' id='word_1_207' title='bbox 806 2544 1053 2656; x_wconf 72' lang='lat' dir='ltr'><strong>assurgenssuo</strong></span> <span class='ocrx_word' id='word_1_208' title='bbox 1075 2547 1182 2637; x_wconf 76' lang='lat' dir='ltr'><strong>pressu</strong></span> <span class='ocrx_word' id='word_1_209' title='bbox 1207 2552 1242 2619; x_wconf 92' lang='lat' dir='ltr'><strong>in</strong></span> <span class='ocrx_word' id='word_1_210' title='bbox 1264 2552 1337 2624; x_wconf 81' lang='lat' dir='ltr'><strong>vase</strong></span> <span class='ocrx_word' id='word_1_211' title='bbox 1359 2552 1468 2624; x_wconf 82' lang='lat' dir='ltr'><strong>clauso</strong></span> <span class='ocrx_word' id='word_1_212' title='bbox 1490 2554 1685 2629; x_wconf 68' lang='lat' dir='ltr'><strong>ulteriorem</strong></span> <span class='ocrx_word' id='word_1_213' title='bbox 1710 2558 1845 2633; x_wconf 64' lang='lat' dir='ltr'><strong>efferae.</strong></span> 
     </span>
     <span class='ocr_line' id='line_1_23' title="bbox 306 2641 1844 2738; baseline -0.004 -8"><span class='ocrx_word' id='word_1_214' title='bbox 306 2660 462 2731; x_wconf 88' lang='lat' dir='ltr'><strong>scentiam</strong></span> <span class='ocrx_word' id='word_1_215' title='bbox 493 2646 653 2738; x_wconf 89' lang='lat' dir='ltr'><strong>impedire</strong></span> <span class='ocrx_word' id='word_1_216' title='bbox 687 2642 816 2733; x_wconf 82' lang='lat' dir='ltr'><strong>potest,</strong></span> <span class='ocrx_word' id='word_1_217' title='bbox 840 2641 938 2711; x_wconf 85' lang='lat' dir='ltr'><strong>Aeria</strong></span> <span class='ocrx_word' id='word_1_218' title='bbox 961 2644 1052 2712; x_wconf 88' lang='lat' dir='ltr'><strong>exitu</strong></span> <span class='ocrx_word' id='word_1_219' title='bbox 1075 2663 1118 2711; x_wconf 86' lang='lat' dir='ltr'><strong>ex</strong></span> <span class='ocrx_word' id='word_1_220' title='bbox 1141 2642 1249 2713; x_wconf 88' lang='lat' dir='ltr'><strong>fluidis</strong></span> <span class='ocrx_word' id='word_1_221' title='bbox 1271 2647 1456 2733; x_wconf 85' lang='lat' dir='ltr'><strong>impedito:</strong></span> <span class='ocrx_word' id='word_1_222' title='bbox 1481 2650 1572 2719; x_wconf 91' lang='lat' dir='ltr'><strong>Oieo</strong></span> <span class='ocrx_word' id='word_1_223' title='bbox 1598 2652 1727 2725; x_wconf 88' lang='lat' dir='ltr'><strong>Vitrioii</strong></span> <span class='ocrx_word' id='word_1_224' title='bbox 1754 2658 1844 2732; x_wconf 83' lang='lat' dir='ltr'><strong>lente</strong></span> 
     </span>
     <span class='ocr_line' id='line_1_24' title="bbox 307 2734 1844 2834; baseline 0.001 -12"><span class='ocrx_word' id='word_1_225' title='bbox 307 2750 493 2826; x_wconf 83' lang='lat' dir='ltr'><strong>affundetur</strong></span> <span class='ocrx_word' id='word_1_226' title='bbox 515 2762 625 2834; x_wconf 85' lang='lat' dir='ltr'><strong>aqua,</strong></span> <span class='ocrx_word' id='word_1_227' title='bbox 661 2736 698 2810; x_wconf 73' lang='grc' dir='ltr'><strong>δι</strong></span> <span class='ocrx_word' id='word_1_228' title='bbox 730 2758 785 2807; x_wconf 87' lang='lat' dir='ltr'><strong>vas</strong></span> <span class='ocrx_word' id='word_1_229' title='bbox 813 2734 934 2823; x_wconf 88' lang='lat' dir='ltr'><strong>pistillo</strong></span> <span class='ocrx_word' id='word_1_230' title='bbox 968 2740 1074 2812; x_wconf 83' lang='lat' dir='ltr'><strong>vitreo</strong></span> <span class='ocrx_word' id='word_1_231' title='bbox 1106 2739 1213 2827; x_wconf 83' lang='lat' dir='ltr'><strong>probe</strong></span> <span class='ocrx_word' id='word_1_232' title='bbox 1246 2736 1444 2823; x_wconf 87' lang='lat' dir='ltr'><strong>claudatur,</strong></span> <span class='ocrx_word' id='word_1_233' title='bbox 1468 2764 1536 2813; x_wconf 93' lang='lat' dir='ltr'><strong>non</strong></span> <span class='ocrx_word' id='word_1_234' title='bbox 1563 2750 1686 2821; x_wconf 87' lang='lat' dir='ltr'><strong>orietur</strong></span> <span class='ocrx_word' id='word_1_235' title='bbox 1707 2754 1844 2827; x_wconf 84' lang='lat' dir='ltr'><strong>efferve-</strong></span> 
     </span>
     <span class='ocr_line' id='line_1_25' title="bbox 306 2828 1846 2929; baseline -0.001 -16"><span class='ocrx_word' id='word_1_236' title='bbox 306 2848 449 2929; x_wconf 83' lang='lat' dir='ltr'><strong>scentia,</strong></span> <span class='ocrx_word' id='word_1_237' title='bbox 473 2832 632 2911; x_wconf 79' lang='lat' dir='ltr'><strong>concuss&#39;o</strong></span> <span class='ocrx_word' id='word_1_238' title='bbox 655 2831 734 2903; x_wconf 93' lang='lat' dir='ltr'><strong>licet</strong></span> <span class='ocrx_word' id='word_1_239' title='bbox 757 2828 839 2901; x_wconf 89' lang='lat' dir='ltr'><strong>vase.</strong></span> <span class='ocrx_word' id='word_1_240' title='bbox 897 2830 1001 2900; x_wconf 88' lang='lat' dir='ltr'><strong>Simili</strong></span> <span class='ocrx_word' id='word_1_241' title='bbox 1023 2832 1127 2903; x_wconf 80' lang='lat' dir='ltr'><strong>motio</strong></span> <span class='ocrx_word' id='word_1_242' title='bbox 1149 2832 1187 2901; x_wconf 86' lang='lat' dir='ltr'><strong>st</strong></span> <span class='ocrx_word' id='word_1_243' title='bbox 1210 2830 1335 2903; x_wconf 89' lang='lat' dir='ltr'><strong>Vinum</strong></span> <span class='ocrx_word' id='word_1_244' title='bbox 1361 2834 1582 2925; x_wconf 89' lang='lat' dir='ltr'><strong>Campienum</strong></span> <span class='ocrx_word' id='word_1_245' title='bbox 1607 2844 1642 2913; x_wconf 90' lang='lat' dir='ltr'><strong>in</strong></span> <span class='ocrx_word' id='word_1_246' title='bbox 1666 2847 1771 2919; x_wconf 88' lang='lat' dir='ltr'><strong>clausa</strong></span> <span class='ocrx_word' id='word_1_247' title='bbox 1794 2853 1846 2923; x_wconf 88' lang='lat' dir='ltr'><strong>ia.</strong></span> 
     </span>
     <span class='ocr_line' id='line_1_26' title="bbox 307 2926 1842 3046; baseline -0.011 -29"><span class='ocrx_word' id='word_1_248' title='bbox 307 2966 413 3046; x_wconf 83' lang='lat' dir='ltr'><strong>gena,</strong></span> <span class='ocrx_word' id='word_1_249' title='bbox 444 2935 498 3013; x_wconf 90' lang='lat' dir='ltr'><strong>vel</strong></span> <span class='ocrx_word' id='word_1_250' title='bbox 530 2928 695 3005; x_wconf 85' lang='lat' dir='ltr'><strong>Cerevifia</strong></span> <span class='ocrx_word' id='word_1_251' title='bbox 727 2926 949 3008; x_wconf 85' lang='lat' dir='ltr'><strong>Aromatica,</strong></span> <span class='ocrx_word' id='word_1_252' title='bbox 978 2946 1047 2997; x_wconf 89' lang='lat' dir='ltr'><strong>non</strong></span> <span class='ocrx_word' id='word_1_253' title='bbox 1076 2928 1199 2998; x_wconf 85' lang='lat' dir='ltr'><strong>oriatur</strong></span> <span class='ocrx_word' id='word_1_254' title='bbox 1229 2926 1479 3017; x_wconf 83' lang='lat' dir='ltr'><strong>Fermentatio,</strong></span> <span class='ocrx_word' id='word_1_255' title='bbox 1510 2954 1586 3025; x_wconf 85' lang='lat' dir='ltr'><strong>quae</strong></span> <span class='ocrx_word' id='word_1_256' title='bbox 1609 2940 1687 3035; x_wconf 81' lang='lat' dir='ltr'><strong>gula</strong></span> <span class='ocrx_word' id='word_1_257' title='bbox 1709 2942 1842 3039; x_wconf 64' lang='lat' dir='ltr'><strong>ngenae</strong></span> 
     </span>
     <span class='ocr_line' id='line_1_27' title="bbox 309 3019 1317 3140; baseline -0.003 -38"><span class='ocrx_word' id='word_1_258' title='bbox 309 3060 443 3140; x_wconf 60' lang='lat' dir='ltr'><strong>aperta,</strong></span> <span class='ocrx_word' id='word_1_259' title='bbox 468 3030 505 3109; x_wconf 76' lang='lat' dir='ltr'><strong>br</strong></span> <span class='ocrx_word' id='word_1_260' title='bbox 528 3021 673 3106; x_wconf 86' lang='lat' dir='ltr'><strong>anhelitu</strong></span> <span class='ocrx_word' id='word_1_261' title='bbox 696 3022 829 3113; x_wconf 84' lang='lat' dir='ltr'><strong>elaiiico</strong></span> <span class='ocrx_word' id='word_1_262' title='bbox 852 3019 1004 3096; x_wconf 81' lang='lat' dir='ltr'><strong>evolante</strong></span> <span class='ocrx_word' id='word_1_263' title='bbox 1023 3024 1194 3115; x_wconf 86' lang='lat' dir='ltr'><strong>extempio</strong></span> <span class='ocrx_word' id='word_1_264' title='bbox 1216 3024 1317 3099; x_wconf 83' lang='lat' dir='ltr'><strong>adesi.</strong></span> 
     </span>
    </p>
   </div>
   <div class='ocr_carea' id='block_1_5' title="bbox 308 3142 1845 3633">
    <p class='ocr_par' dir='ltr' id='par_1_5' title="bbox 308 3142 1845 3633">
     <span class='ocr_line' id='line_1_28' title="bbox 359 3142 1845 3252; baseline -0.005 -16"><span class='ocrx_word' id='word_1_265' title='bbox 359 3160 473 3236; x_wconf 88' lang='lat' dir='ltr'><strong>Multa</strong></span> <span class='ocrx_word' id='word_1_266' title='bbox 496 3152 596 3231; x_wconf 84' lang='lat' dir='ltr'><strong>fluido</strong></span> <span class='ocrx_word' id='word_1_267' title='bbox 618 3146 858 3224; x_wconf 86' lang='lat' dir='ltr'><strong>effervescentia</strong></span> <span class='ocrx_word' id='word_1_268' title='bbox 887 3144 1011 3215; x_wconf 70' lang='lat' dir='ltr'><strong>Aerem</strong></span> <span class='ocrx_word' id='word_1_269' title='bbox 1034 3147 1073 3216; x_wconf 89' lang='lat' dir='ltr'><strong>in&#39;</strong></span> <span class='ocrx_word' id='word_1_270' title='bbox 1093 3142 1268 3217; x_wconf 76' lang='lat' dir='ltr'><strong>interstitiis</strong></span> <span class='ocrx_word' id='word_1_271' title='bbox 1290 3142 1469 3221; x_wconf 85' lang='lat' dir='ltr'><strong>latitantem</strong></span> <span class='ocrx_word' id='word_1_272' title='bbox 1500 3150 1692 3243; x_wconf 84' lang='lat' dir='ltr'><strong>expellunt,</strong></span> <span class='ocrx_word' id='word_1_273' title='bbox 1722 3179 1743 3229; x_wconf 89' lang='lat' dir='ltr'><strong>a</strong></span> <span class='ocrx_word' id='word_1_274' title='bbox 1774 3183 1845 3252; x_wconf 86' lang='lat' dir='ltr'><strong>quo</strong></span> 
     </span>
     <span class='ocr_line' id='line_1_29' title="bbox 309 3240 1844 3347; baseline -0.012 -13"><span class='ocrx_word' id='word_1_275' title='bbox 309 3268 345 3335; x_wconf 90' lang='lat' dir='ltr'><strong>in</strong></span> <span class='ocrx_word' id='word_1_276' title='bbox 365 3254 534 3347; x_wconf 85' lang='lat' dir='ltr'><strong>superficie</strong></span> <span class='ocrx_word' id='word_1_277' title='bbox 554 3252 665 3340; x_wconf 89' lang='lat' dir='ltr'><strong>spuma</strong></span> <span class='ocrx_word' id='word_1_278' title='bbox 685 3246 866 3316; x_wconf 82' lang='lat' dir='ltr'><strong>excitatur:</strong></span> <span class='ocrx_word' id='word_1_279' title='bbox 899 3240 1059 3336; x_wconf 86' lang='lat' dir='ltr'><strong>Cumque</strong></span> <span class='ocrx_word' id='word_1_280' title='bbox 1092 3244 1178 3314; x_wconf 92' lang='lat' dir='ltr'><strong>inter</strong></span> <span class='ocrx_word' id='word_1_281' title='bbox 1206 3240 1482 3334; x_wconf 79' lang='lat' dir='ltr'><strong>effervescendum</strong></span> <span class='ocrx_word' id='word_1_282' title='bbox 1505 3268 1614 3339; x_wconf 84' lang='lat' dir='ltr'><strong>partes</strong></span> <span class='ocrx_word' id='word_1_283' title='bbox 1646 3254 1740 3327; x_wconf 89' lang='lat' dir='ltr'><strong>vaide</strong></span> <span class='ocrx_word' id='word_1_284' title='bbox 1762 3279 1844 3331; x_wconf 86' lang='lat' dir='ltr'><strong>arte.</strong></span> 
     </span>
     <span class='ocr_line' id='line_1_30' title="bbox 308 3338 1845 3444; baseline -0.001 -17"><span class='ocrx_word' id='word_1_285' title='bbox 308 3374 422 3433; x_wconf 69' lang='lat' dir='ltr'><strong>cuntur</strong></span> <span class='ocrx_word' id='word_1_286' title='bbox 442 3346 478 3421; x_wconf 70' lang='grc' dir='ltr'>ἃ</span> <span class='ocrx_word' id='word_1_287' title='bbox 501 3342 727 3428; x_wconf 88' lang='lat' dir='ltr'><strong>incalescunt,</strong></span> <span class='ocrx_word' id='word_1_288' title='bbox 758 3340 841 3411; x_wconf 87' lang='lat' dir='ltr'><strong>siunt</strong></span> <span class='ocrx_word' id='word_1_289' title='bbox 859 3338 1035 3413; x_wconf 77' lang='lat' dir='ltr'><strong>volatilesa</strong></span> <span class='ocrx_word' id='word_1_290' title='bbox 1063 3339 1140 3412; x_wconf 90' lang='lat' dir='ltr'><strong>hinc</strong></span> <span class='ocrx_word' id='word_1_291' title='bbox 1161 3338 1271 3427; x_wconf 88' lang='lat' dir='ltr'><strong>sumi,</strong></span> <span class='ocrx_word' id='word_1_292' title='bbox 1303 3342 1451 3435; x_wconf 86' lang='lat' dir='ltr'><strong>expulsio</strong></span> <span class='ocrx_word' id='word_1_293' title='bbox 1477 3347 1577 3419; x_wconf 73' lang='lat' dir='ltr'><strong>Aeris</strong></span> <span class='ocrx_word' id='word_1_294' title='bbox 1602 3352 1782 3444; x_wconf 81' lang='lat' dir='ltr'><strong>naturalia,</strong></span> <span class='ocrx_word' id='word_1_295' title='bbox 1807 3354 1845 3429; x_wconf 71' lang='grc' dir='ltr'><strong>δι</strong></span> 
     </span>
     <span class='ocr_line' id='line_1_31' title="bbox 310 3434 1845 3551; baseline -0.004 -28"><span class='ocrx_word' id='word_1_296' title='bbox 310 3449 475 3551; x_wconf 83' lang='lat' dir='ltr'><strong>generatio</strong></span> <span class='ocrx_word' id='word_1_297' title='bbox 508 3440 599 3514; x_wconf 89' lang='lat' dir='ltr'><strong>fluidi</strong></span> <span class='ocrx_word' id='word_1_298' title='bbox 628 3438 749 3511; x_wconf 86' lang='lat' dir='ltr'><strong>elastici</strong></span> <span class='ocrx_word' id='word_1_299' title='bbox 772 3438 856 3509; x_wconf 71' lang='lat' dir='ltr'><strong>neri</strong></span> <span class='ocrx_word' id='word_1_300' title='bbox 877 3437 1035 3535; x_wconf 78' lang='lat' dir='ltr'><strong>analogia</strong></span> <span class='ocrx_word' id='word_1_301' title='bbox 1064 3438 1128 3509; x_wconf 90' lang='lat' dir='ltr'><strong>alia</strong></span> <span class='ocrx_word' id='word_1_302' title='bbox 1156 3436 1262 3511; x_wconf 87' lang='lat' dir='ltr'><strong>multa</strong></span> <span class='ocrx_word' id='word_1_303' title='bbox 1286 3434 1323 3509; x_wconf 73' lang='grc' dir='ltr'><strong>δι</strong></span> <span class='ocrx_word' id='word_1_304' title='bbox 1347 3438 1597 3533; x_wconf 86' lang='lat' dir='ltr'><strong>pulcherrima,</strong></span> <span class='ocrx_word' id='word_1_305' title='bbox 1628 3470 1703 3543; x_wconf 73' lang='lat' dir='ltr'><strong>quae</strong></span> <span class='ocrx_word' id='word_1_306' title='bbox 1728 3472 1845 3546; x_wconf 77' lang='lat' dir='ltr'><strong>ptaete·</strong></span> 
     </span>
     <span class='ocr_line' id='line_1_32' title="bbox 308 3533 1184 3633; baseline -0.014 -13"><span class='ocrx_word' id='word_1_307' title='bbox 308 3571 389 3633; x_wconf 86' lang='lat' dir='ltr'><strong>reo,</strong></span> <span class='ocrx_word' id='word_1_308' title='bbox 412 3542 515 3618; x_wconf 86' lang='lat' dir='ltr'><strong>videti</strong></span> <span class='ocrx_word' id='word_1_309' title='bbox 537 3534 670 3633; x_wconf 86' lang='lat' dir='ltr'><strong>possunt</strong></span> <span class='ocrx_word' id='word_1_310' title='bbox 692 3539 728 3609; x_wconf 90' lang='lat' dir='ltr'><strong>in</strong></span> <span class='ocrx_word' id='word_1_311' title='bbox 750 3534 807 3610; x_wconf 78' lang='lat' dir='ltr'><strong>ci</strong></span> <span class='ocrx_word' id='word_1_312' title='bbox 831 3536 1009 3611; x_wconf 78' lang='lat' dir='ltr'><strong>boerhavii</strong></span> <span class='ocrx_word' id='word_1_313' title='bbox 1032 3533 1184 3609; x_wconf 87' lang='lat' dir='ltr'><strong>Chemia.</strong></span> 
     </span>
    </p>
   </div>
   <div class='ocr_carea' id='block_1_6' title="bbox 308 3668 1846 4169">
    <p class='ocr_par' dir='ltr' id='par_1_6' title="bbox 308 3668 1846 4169">
     <span class='ocr_line' id='line_1_33' title="bbox 356 3668 1845 3785; baseline 0.003 -28"><span class='ocrx_word' id='word_1_314' title='bbox 356 3680 401 3785; x_wconf 66' lang='lat' dir='ltr'><strong>s..</strong></span> <span class='ocrx_word' id='word_1_315' title='bbox 421 3668 633 3758; x_wconf 84' lang='lat' dir='ltr'><strong>MXXXlV.</strong></span> <span class='ocrx_word' id='word_1_316' title='bbox 664 3674 816 3751; x_wconf 83' lang='lat' dir='ltr'><strong>Trahunt</strong></span> <span class='ocrx_word' id='word_1_317' title='bbox 845 3674 946 3767; x_wconf 76' lang='lat' dir='ltr'><strong>fluida</strong></span> <span class='ocrx_word' id='word_1_318' title='bbox 976 3698 1111 3773; x_wconf 92' lang='lat' dir='ltr'><strong>quoque</strong></span> <span class='ocrx_word' id='word_1_319' title='bbox 1143 3698 1284 3773; x_wconf 89' lang='lat' dir='ltr'><strong>corpom</strong></span> <span class='ocrx_word' id='word_1_320' title='bbox 1302 3678 1439 3771; x_wconf 24' lang='lat' dir='ltr'><strong>,solida</strong></span> <span class='ocrx_word' id='word_1_321' title='bbox 1467 3684 1573 3776; x_wconf 85' lang='lat' dir='ltr'><strong>iiaque</strong></span> <span class='ocrx_word' id='word_1_322' title='bbox 1596 3684 1845 3778; x_wconf 83' lang='lat' dir='ltr'><strong>adhaerescunt,</strong></span> 
     </span>
     <span class='ocr_line' id='line_1_34' title="bbox 309 3772 1846 3881; baseline -0.005 -23"><span class='ocrx_word' id='word_1_323' title='bbox 309 3805 373 3859; x_wconf 90' lang='lat' dir='ltr'><strong>nec</strong></span> <span class='ocrx_word' id='word_1_324' title='bbox 398 3778 497 3876; x_wconf 79' lang='lat' dir='ltr'><strong>refert</strong></span> <span class='ocrx_word' id='word_1_325' title='bbox 521 3772 586 3874; x_wconf 79' lang='lat' dir='ltr'><strong>five</strong></span> <span class='ocrx_word' id='word_1_326' title='bbox 605 3774 706 3849; x_wconf 87' lang='lat' dir='ltr'><strong>fluida</strong></span> <span class='ocrx_word' id='word_1_327' title='bbox 730 3774 851 3849; x_wconf 87' lang='lat' dir='ltr'><strong>suerint</strong></span> <span class='ocrx_word' id='word_1_328' title='bbox 880 3774 1031 3875; x_wconf 86' lang='lat' dir='ltr'><strong>specifice</strong></span> <span class='ocrx_word' id='word_1_329' title='bbox 1064 3778 1244 3876; x_wconf 82' lang='lat' dir='ltr'><strong>graviora,</strong></span> <span class='ocrx_word' id='word_1_330' title='bbox 1275 3776 1329 3851; x_wconf 88' lang='lat' dir='ltr'><strong>vel</strong></span> <span class='ocrx_word' id='word_1_331' title='bbox 1352 3778 1473 3853; x_wconf 81' lang='lat' dir='ltr'><strong>leviora</strong></span> <span class='ocrx_word' id='word_1_332' title='bbox 1498 3779 1618 3855; x_wconf 75' lang='lat' dir='ltr'><strong>solidis.</strong></span> <span class='ocrx_word' id='word_1_333' title='bbox 1674 3782 1846 3881; x_wconf 79' lang='lat' dir='ltr'><strong>Quoniam</strong></span> 
     </span>
     <span class='ocr_line' id='line_1_35' title="bbox 308 3851 1846 3978; baseline -0.017 -22"><span class='ocrx_word' id='word_1_334' title='bbox 308 3904 389 3963; x_wconf 87' lang='lat' dir='ltr'><strong>vero</strong></span> <span class='ocrx_word' id='word_1_335' title='bbox 412 3902 432 3951; x_wconf 89' lang='lat' dir='ltr'><strong>a</strong></span> <span class='ocrx_word' id='word_1_336' title='bbox 456 3873 622 3975; x_wconf 84' lang='lat' dir='ltr'><strong>nonnullis</strong></span> <span class='ocrx_word' id='word_1_337' title='bbox 645 3872 790 3969; x_wconf 71' lang='lat' dir='ltr'><strong>Equffltis</strong></span> <span class='ocrx_word' id='word_1_338' title='bbox 815 3872 896 3969; x_wconf 79' lang='lat' dir='ltr'><strong>(b)</strong></span> <span class='ocrx_word' id='word_1_339' title='bbox 922 3851 1097 3966; x_wconf 69' lang='lat' dir='ltr'><strong>stabilitum</strong></span> <span class='ocrx_word' id='word_1_340' title='bbox 1115 3872 1194 3964; x_wconf 65' lang='grc' dir='ltr'><strong><em>ἠμῖς,</em></strong></span> <span class='ocrx_word' id='word_1_341' title='bbox 1218 3876 1363 3967; x_wconf 58' lang='lat' dir='ltr'><strong>Nullane</strong></span> <span class='ocrx_word' id='word_1_342' title='bbox 1376 3877 1524 3971; x_wconf 60' lang='lat' dir='ltr'><strong>fluidum</strong></span> <span class='ocrx_word' id='word_1_343' title='bbox 1535 3876 1685 3975; x_wconf 45' lang='grc' dir='ltr'><strong>βψς,</strong></span> <span class='ocrx_word' id='word_1_344' title='bbox 1699 3888 1846 3978; x_wconf 57' lang='lat' dir='ltr'><strong>gmpm</strong></span> 
     </span>
     <span class='ocr_line' id='line_1_36' title="bbox 312 3972 1844 4147; baseline -0.015 -92"><span class='ocrx_word' id='word_1_345' title='bbox 312 3980 478 4055; x_wconf 69' lang='lat' dir='ltr'><strong>adserere</strong></span> <span class='ocrx_word' id='word_1_346' title='bbox 497 3975 601 4147; x_wconf 61' lang='lat' dir='ltr'><strong>sqriida</strong></span> <span class='ocrx_word' id='word_1_347' title='bbox 623 3974 761 4065; x_wconf 78' lang='lat' dir='ltr'><strong>leviori,</strong></span> <span class='ocrx_word' id='word_1_348' title='bbox 786 3979 931 4052; x_wconf 77' lang='lat' dir='ltr'><strong>ercomm</strong></span> <span class='ocrx_word' id='word_1_349' title='bbox 957 3972 1045 4049; x_wconf 88' lang='lat' dir='ltr'><strong>hunc</strong></span> <span class='ocrx_word' id='word_1_350' title='bbox 1074 3974 1188 4069; x_wconf 85' lang='lat' dir='ltr'><strong>paucir</strong></span> <span class='ocrx_word' id='word_1_351' title='bbox 1208 3972 1519 4063; x_wconf 74' lang='lat' dir='ltr'><strong>observationibus,</strong></span> <span class='ocrx_word' id='word_1_352' title='bbox 1549 3978 1670 4052; x_wconf 67' lang='lat' dir='ltr'><strong>etiamn</strong></span> <span class='ocrx_word' id='word_1_353' title='bbox 1693 3982 1844 4059; x_wconf 59' lang='lat' dir='ltr'><strong>imm.</strong></span> 
     </span>
     <span class='ocr_line' id='line_1_37' title="bbox 314 4072 796 4169; baseline -0.031 -15"><span class='ocrx_word' id='word_1_354' title='bbox 314 4085 358 4154; x_wconf 86' lang='lat' dir='ltr'><strong>tis</strong></span> <span class='ocrx_word' id='word_1_355' title='bbox 381 4078 450 4147; x_wconf 85' lang='lat' dir='ltr'><strong>seri</strong></span> <span class='ocrx_word' id='word_1_356' title='bbox 472 4098 517 4169; x_wconf 91' lang='lat' dir='ltr'><strong>po</strong></span> <span class='ocrx_word' id='word_1_357' title='bbox 544 4094 598 4158; x_wconf 93' lang='lat' dir='ltr'><strong>et,</strong></span> <span class='ocrx_word' id='word_1_358' title='bbox 623 4072 796 4162; x_wconf 71' lang='lat' dir='ltr'><strong>ercutiam.</strong></span> 
     </span>
    </p>
   </div>
   <div class='ocr_carea' id='block_1_7' title="bbox 370 4180 1844 4370">
    <p class='ocr_par' dir='ltr' id='par_1_7' title="bbox 370 4180 1844 4370">
     <span class='ocr_line' id='line_1_38' title="bbox 370 4180 1843 4370; baseline 0.005 -107"><span class='ocrx_word' id='word_1_359' title='bbox 370 4213 419 4263; x_wconf 78' lang='lat'><strong>10.</strong></span> <span class='ocrx_word' id='word_1_360' title='bbox 451 4188 619 4262; x_wconf 78' lang='lat' dir='ltr'><strong>balsamus</strong></span> <span class='ocrx_word' id='word_1_361' title='bbox 649 4180 770 4271; x_wconf 86' lang='lat' dir='ltr'><strong>Minii,</strong></span> <span class='ocrx_word' id='word_1_362' title='bbox 795 4180 933 4259; x_wconf 85' lang='lat' dir='ltr'><strong>fluidum</strong></span> <span class='ocrx_word' id='word_1_363' title='bbox 953 4188 1179 4287; x_wconf 82' lang='lat' dir='ltr'><strong>gravisimum,</strong></span> <span class='ocrx_word' id='word_1_364' title='bbox 1203 4192 1262 4288; x_wconf 89' lang='lat' dir='ltr'><strong>qui</strong></span> <span class='ocrx_word' id='word_1_365' title='bbox 1285 4188 1430 4279; x_wconf 84' lang='lat' dir='ltr'><strong>soluou,</strong></span> <span class='ocrx_word' id='word_1_366' title='bbox 1452 4187 1500 4266; x_wconf 80' lang='lat' dir='ltr'><strong>est</strong></span> <span class='ocrx_word' id='word_1_367' title='bbox 1523 4189 1702 4269; x_wconf 88' lang='lat' dir='ltr'><strong>admodum</strong></span> <span class='ocrx_word' id='word_1_368' title='bbox 1727 4216 1843 4370; x_wconf 54' lang='lat' dir='ltr'><strong>effic,</strong></span> 
     </span>
     <span class='ocr_line' id='line_1_39' title="bbox 394 4316 1844 4369; baseline 0.014 -20"><span class='ocrx_word' id='word_1_369' title='bbox 394 4336 398 4349; x_wconf 95' lang='lat'><em>.</em></span> <span class='ocrx_word' id='word_1_370' title='bbox 1716 4316 1749 4369; x_wconf 89' lang='lat' dir='ltr'><strong>at</strong></span> <span class='ocrx_word' id='word_1_371' title='bbox 1818 4320 1844 4368; x_wconf 89' lang='lat'><strong>1·</strong></span> 
     </span>
    </p>
   </div>
   <div class='ocr_carea' id='block_1_8' title="bbox 325 4448 1038 4681">
    <p class='ocr_par' dir='ltr' id='par_1_8' title="bbox 325 4448 1038 4681">
     <span class='ocr_line' id='line_1_40' title="bbox 358 4448 1038 4588; baseline -0.003 -20"><span class='ocrx_word' id='word_1_372' title='bbox 358 4502 415 4581; x_wconf 66' lang='lat' dir='ltr'><strong>(a)</strong></span> <span class='ocrx_word' id='word_1_373' title='bbox 437 4502 506 4567; x_wconf 76' lang='lat' dir='ltr'><strong>nat</strong></span> <span class='ocrx_word' id='word_1_374' title='bbox 527 4500 707 4563; x_wconf 78' lang='lat' dir='ltr'><strong>berolinens.</strong></span> <span class='ocrx_word' id='word_1_375' title='bbox 729 4502 831 4586; x_wconf 80' lang='lat' dir='ltr'><strong>Tamo</strong></span> <span class='ocrx_word' id='word_1_376' title='bbox 850 4506 880 4570; x_wconf 79' lang='grc'><strong>6.</strong></span> <span class='ocrx_word' id='word_1_377' title='bbox 897 4448 966 4587; x_wconf 64' lang='lat' dir='ltr'><strong>paq.</strong></span> <span class='ocrx_word' id='word_1_378' title='bbox 986 4510 1038 4588; x_wconf 67' lang='grc' dir='ltr'><strong>β.</strong></span> 
     </span>
     <span class='ocr_line' id='line_1_41' title="bbox 325 4578 1010 4681; baseline -0.01 -28"><span class='ocrx_word' id='word_1_379' title='bbox 325 4578 770 4668; x_wconf 63' lang='lat' dir='ltr'><strong>‚liliitmbtrgeriibrfica-</strong></span> <span class='ocrx_word' id='word_1_380' title='bbox 1006 4676 1010 4681; x_wconf 27' lang='grc' dir='ltr'>Ι</span> 
     </span>
    </p>
   </div>
   <div class='ocr_carea' id='block_1_9' title="bbox 0 0 2154 5956">
    <p class='ocr_par' dir='ltr' id='par_1_9' title="bbox 0 0 2154 5956">
     <span class='ocr_line' id='line_1_42' title="bbox 0 0 2154 5956; baseline 0 0"><span class='ocrx_word' id='word_1_381' title='bbox 0 0 2154 5956; x_wconf 95' lang='lat' dir='ltr'><strong> </strong></span> 
     </span>
    </p>
   </div>
  </div>
 </body>
</html>
