4282 5962
1505 36 1538 68 ¹-
1566 44 1635 81 rw.

1526 82 1543 92 ..
1560 84 1576 99 .,
1594 81 1652 151 ηε

464 298 562 391 nn
603 294 1081 386 coflmnnmrtn
1117 264 1594 387 atrrnmrrnrn.
1715 325 1800 416 399

264 500 428 573 solidescit
449 497 620 579 duritiem,
644 492 681 569 δι
705 496 816 585 Aquae
838 495 989 589 egregrie
1006 493 1128 564 restllit.
1179 491 1285 589 Quod
1308 492 1406 563 etiam
1431 498 1557 585 praellat
1578 496 1666 572 Calx
1686 496 1797 571 Italica

263 597 438 681 saxatilis,
463 592 554 667 milla
577 614 652 667 cum
677 594 808 675 Arena,
834 612 907 681 quot
933 594 967 662 in
996 590 1134 662 flumine
1158 590 1286 675 Duria,
1311 610 1399 659 nunc
1425 588 1539 678 Dora,
1564 598 1737 693 colligitur.

311 697 345 766 Si
373 694 470 767 Caici
489 690 606 763 saxatili
632 691 824 789 adjungatur
845 686 1023 775 Marmor,
1058 686 1193 774 Tofus‚
1228 685 1264 758 &
1291 684 1465 779 Gypsum,
1499 712 1572 780 quat
1612 700 1644 762 in
1668 716 1800 767 tenuem

263 795 390 868 redacta
411 790 481 864 sunt
508 788 699 881 pulverem,
725 787 971 879 affundaturque
986 786 1098 859 ‘Urina
1121 786 1173 859 rel
1198 791 1317 876 Aqua,
1342 788 1518 877 omniaque
1537 790 1643 878 probe
1660 795 1692 861 vi
1708 812 1798 885 mag·

262 915 305 966 na
325 890 533 1005 subigatur,
557 890 778 977 pavimentum
805 906 846 956 ert
868 886 908 955 iis
930 886 966 957 lit
984 882 1210 970 durillimum,
1237 884 1328 975 quod
1345 883 1392 954 ob
1416 885 1591 977 polituram
1615 890 1722 975 nitet,
1749 891 1798 959 in·

260 990 372 1081 primis
394 992 415 1056 lr
439 986 552 1057 oleum
575 982 652 1055 Lini
674 986 726 1057 vel
752 982 859 1055 Nucls
881 980 1051 1056 adlinatur.

312 1083 462 1177 Gypsum
486 1082 734 1169 commolitum,
760 1080 879 1153 deinde
904 1082 939 1151 in
963 1082 1030 1153 olla
1051 1081 1155 1155 ferrea
1176 1082 1330 1165 coelum,
1356 1078 1452 1153 salem
1473 1103 1609 1177 quoque
1632 1086 1797 1171 continet,

262 1204 338 1256 cum
365 1188 464 1270 Aqua
487 1178 691 1267 effervescit,
716 1178 821 1257 calet,
844 1177 1002 1273 maiorem
1025 1183 1060 1251 in
1085 1179 1209 1253 molem
1237 1196 1368 1263 tumet,
1393 1178 1592 1267 indurescit;
1618 1186 1715 1254 etiarn
1741 1180 1800 1251 sub

263 1284 378 1371 Aqua:
406 1278 460 1348 sed
485 1281 607 1375 magis,
638 1278 758 1349 srcum
783 1272 876 1351 calce
896 1274 995 1350 feeerit
1011 1279 1193 1371 stibadium:
1221 1275 1345 1349 Calces
1370 1272 1406 1346 δι
1432 1274 1581 1367 Gypsum
1602 1278 1800 1370 potillrmum

264 1378 428 1468 lapidibus
454 1375 627 1472 jungendis
656 1373 822 1465 serviunt,
854 1376 912 1465 qui
934 1380 1030 1448 etiam
1056 1380 1092 1448 in
1124 1373 1292 1447 nonnullis
1316 1373 1540 1445 occasionibus
1571 1376 1655 1446 bene
1684 1380 1800 1447 unitrn·

267 1496 340 1559 tur,
367 1474 390 1544 ss
411 1474 503 1545 laetis
520 1474 679 1561 eburytati
703 1470 899 1568 coagulum,
925 1495 966 1544 ex
989 1497 1058 1567 quo
1085 1494 1186 1545 omne
1212 1470 1392 1565 liquidum,
1418 1493 1575 1563 quantum
1602 1474 1728 1565 potest,
1753 1472 1800 1544 cst

266 1570 467 1663 capsellam,
492 1570 660 1643 misceatur
680 1592 756 1643 cum
785 1572 854 1663 pari
876 1570 974 1642 calcis
995 1576 1075 1646 vivae
1100 1574 1228 1661 eopia,
1263 1569 1374 1657 donec
1398 1568 1575 1656 lentescat,
1600 1574 1644 1641 ita
1669 1570 1711 1641 sal
1735 1573 1800 1641 aci·

265 1671 326 1741 dus
356 1669 446 1741 ladlis
472 1688 631 1761 temperat
653 1667 839 1741 Alcalinum
866 1668 1002 1754 Caicis,
1029 1666 1064 1741 dt
1089 1670 1188 1741 ambo
1207 1667 1309 1761 juniii
1332 1667 1448 1757 lapidis
1481 1688 1584 1757 poros
1612 1671 1731 1739 intrant
1753 1668 1801 1739 al·

188 1824 192 1831 .
267 1770 352 1853 tius,
378 1762 619 1838 &obturando
633 1784 779 1859 meatus,
804 1764 949 1857 lapidem
966 1790 1043 1841 cum
1067 1767 1197 1857 lapide,
1222 1765 1274 1836 vel
1299 1765 1480 1835 eboreum
1504 1767 1607 1847 ebore
1629 1784 1803 1857 concopu÷

263 1864 342 1937 lant.
388 1860 452 1935 Vel
482 1860 592 1934 caseus
616 1861 675 1935 diu
700 1862 852 1935 tundatur
875 1866 909 1937 in
931 1865 1056 1957 Aqua,
1090 1864 1142 1936 vel
1171 1867 1204 1933 in
1227 1862 1364 1934 ferventi
1392 1862 1490 1951 Aqua
1515 1860 1714 1953 aliquamdiu
1733 1863 1802 1958 agi-

263 1980 347 2031 tatus
371 1980 555 2051 prematur,
583 1979 653 2029 tum
677 1961 772 2051 supra
794 1960 937 2051 lapidem
967 1966 1059 2033 tritus
1084 1963 1118 2033 in
1148 1959 1306 2054 pultem,
1340 1962 1511 2033 misceatur
1531 1981 1607 2031 cunr
1627 1958 1730 2029 Calce
1754 1960 1802 2030 vi·

263 2080 323 2141 va,
356 2060 399 2125 ita
426 2057 551 2146 praebet
573 2054 687 2151 gluten
711 2059 838 2148 optime
861 2064 1062 2151 conveniens
1085 2060 1187 2130 vitris:
1215 2059 1361 2148 quamvis
1384 2079 1453 2129 non
1469 2056 1573 2128 valeat
1597 2055 1800 2151 conjungen·

263 2153 313 2223 dis
332 2150 486 2237 Achatis;
512 2150 629 2223 horum
652 2153 765 2249 gluten
793 2156 841 2225 est
863 2154 988 2229 Vernix
1018 2156 1191 2233 Chinensrs
1224 2158 1317 2251 (a).
1368 2157 1506 2245 Antiqui
1537 2152 1681 2225 Glebam
1700 2154 1801 2224 calcis

262 2270 426 2323 recentem
447 2250 526 2321 vino
547 2247 770 2345 restinguunt,
794 2274 874 2322 mox
894 2254 1035 2325 tundunt
1057 2276 1134 2323 cum
1161 2253 1257 2341 adipe
1277 2250 1381 2322 Suillo
1407 2250 1441 2320 dt
1469 2252 1555 2337 lieu,
1582 2251 1704 2342 duplici
1722 2251 1802 2321 lina·

263 2366 397 2431 mento,
423 2368 497 2437 quae
520 2367 572 2417 res
592 2350 739 2415 omnium
762 2347 978 2427 tenaciffinta‚
1002 2349 1152 2413 duritiem
1175 2348 1292 2432 lapidis
1316 2348 1534 2416 antecedens:
1558 2368 1694 2419 vocatur
1710 2346 1801 2417 Mal-

264 2444 347 2530 tha,
381 2443 473 2535 quod
498 2441 692 2528 malthatur,
725 2443 805 2512 oleo
830 2440 962 2513 fricatur
985 2460 1061 2510 ante
1086 2439 1183 2533 (b).
1233 2434 1391 2519 Praellans
1417 2440 1532 2531 gluten
1553 2445 1587 2509 io
1612 2442 1721 2512 multis
1742 2463 1799 2512 oc·

264 2542 447 2612 castonibus
463 2539 508 2610 est
519 2540 564 2623 ,st
580 2538 733 2610 albumen
747 2541 802 2608 ovi
817 2559 894 2608 cum
907 2538 998 2607 calce
1013 2539 1083 2607 viva
1099 2536 1281 2632 subigaturr
1293 2534 1368 2605 Aut
1383 2532 1556 2605 Saccarum
1572 2538 1706 2607 rubrum
1721 2559 1799 2611 cum

265 2638 368 2711 Calce
392 2638 468 2709 semi
494 2637 635 2707 extincta
655 2632 824 2704 celerrime
848 2632 1013 2705 sabaeum
1032 2637 1254 2726 mixtumque:
1283 2634 1355 2705 Aut
1372 2630 1395 2700 fi
1412 2629 1506 2701 Calci
1528 2628 1563 2700 ἀ
1584 2632 1704 2703 Arenae
1721 2655 1799 2704 cum
1857 2706 1864 2711 ,

263 2756 349 2827 aqua
371 2738 406 2805 in
428 2732 549 2825 pastam
568 2728 705 2803 redacta
726 2728 945 2803 admisceatur
968 2730 1186 2819 Arsenicum,
1221 2728 1313 2821 quod
1339 2726 1508 2817 extemplo
1532 2725 1667 2797 siccatur
1692 2726 1727 2799 dt
1749 2728 1799 2800 so·

265 2834 404 2904 lidescit.
455 2826 574 2905 Autfi
603 2827 684 2918 lapis
713 2824 917 2899 colaminaris
936 2830 970 2897 in
996 2826 1161 2899 cochleari
1192 2826 1299 2897 ferreo
1331 2825 1400 2921 igni
1425 2825 1667 2911 committatur,
1703 2827 1800 2897 verti·

266 2950 318 3000 tut
342 2932 375 2998 in
397 2928 546 3019 pultem,
571 2944 636 3015 qua
661 2923 830 2995 celerrime
849 2925 1035 3019 peragenda
1058 2924 1105 2995 ell
1128 2920 1397 3019 conglutinatior
1422 2920 1493 2993 Aut
1511 2918 1642 2993 alumen
1668 2922 1703 2997 in
1725 2922 1801 3017 pul·

265 3048 375 3099 aerem
400 3044 568 3095 tenuatum
595 3022 751 3091 miscetur
771 3042 847 3093 eum
869 3024 924 3105 ovi
951 3021 1129 3093 albumine.

314 3122 458 3210 Lapides
482 3136 618 3207 quoque
647 3117 941 3209 concopulantur,
972 3116 1106 3207 quaudo
1134 3139 1222 3191 cere
1248 3115 1284 3188 ἃ
1312 3115 1522 3210 colophonia
1554 3117 1665 3191 resusae
1688 3118 1800 3213 adjici·

269 3240 320 3291 tur
342 3236 449 3301 creta,
473 3212 525 3284 vel
546 3213 625 3285 loco
644 3232 742 3283 cretae
768 3214 940 3305 capiuntur
957 3213 1073 3285 lateres
1097 3214 1204 3303 friati;
1228 3234 1284 3287 aut
1299 3214 1423 3306 lapides
1442 3214 1580 3288 colorati
1594 3213 1696 3302 friati,
1720 3238 1802 3307 pro·¹

269 3337 306 3387 ut
332 3313 453 3385 coloris
470 3312 604 3383 sanetas
626 3309 662 3380 id
688 3312 806 3407 exigit,
830 3332 1068 3403 nonnunquam
1087 3312 1211 3405 aliquid
1228 3314 1313 3405 picis
1333 3312 1546 3398 admiscetur,
1571 3310 1625 3384 sed
1642 3312 1710 3384 hoc
1726 3310 1800 3409 glu-

270 3435 325 3483 ten
349 3410 453 3481 modo
478 3408 579 3493 valet,
606 3407 738 3498 quando
758 3408 858 3477 ambo
884 3407 1007 3499 lapides
1027 3411 1117 3499 prius
1141 3413 1183 3480 ab
1207 3413 1216 3481 i
1264 3408 1516 3485 evehementer
1540 3408 1670 3497 calent,
1695 3428 1731 3481 ut
1748 3410 1799 3500 ip·

270 3511 338 3581 lum
357 3508 467 3605 gluten
491 3506 627 3577 adlitum
653 3501 859 3585 refundatur,
884 3504 1169 3591 praestantiffimtrm
1195 3529 1214 3575 e
1256 3559 1267 3592 ,
1293 3507 1395 3579 modo
1416 3508 1541 3600 lapides
1559 3510 1658 3581 Aciris
1674 3505 1800 3600 injuriis

270 3629 337 3680 non
356 3623 571 3695 exponantur.
620 3596 757 3669 Veteres
768 3597 927 3671 bitumine
942 3597 1122 3695 jungebant
1146 3602 1289 3692 lapides,
1313 3624 1490 3695 murosque
1512 3604 1703 3677 firmillrmos
1718 3625 1801 3693 conf

271 3704 409 3775 debant:
435 3699 482 3771 est
509 3717 645 3790 quoque
668 3716 775 3797 prope
798 3692 925 3789 Gaujac
949 3684 1063 3767 masna
1088 3698 1275 3785 bituminis,
1300 3696 1393 3786 quod
1406 3698 1576 3795 conjungit
1594 3700 1739 3793 lapides,
1763 3720 1800 3771 ut

271 3801 406 3969 {epar-apii
428 3794 541 3989 pgsteg
568 3812 756 3887 nequeant,
789 3786 1008 3869 &menibus
1036 3793 1235 3911 exstruendis
1259 3794 1383 3889 optime
1412 3795 1567 3899 conducit
1597 3796 1678 3879 telle
1702 3795 1802 3869 Nob.

296 3919 378 3970 econ
403 3915 436 3969 at
540 3943 549 3964 .
795 3928 798 3933 ·
1450 3936 1455 3945 .

322 4041 354 4142 5.
376 4034 519 4127 lllClV.
543 4030 651 4130 Ligna
679 4031 874 4126 plemmqrre
897 4026 1143 4128 conjunguntur
1161 4030 1288 4129 gutiae
1312 4028 1462 4105 Taurino
1488 4034 1522 4104 in
1542 4030 1642 4125 Aqua
1663 4026 1802 4116 collo,

273 4144 326 4217 led
356 4137 463 4234 potest
486 4137 521 4207 in
540 4134 696 4205 mortario
719 4131 841 4229 gluteu'
855 4129 912 4202 diu
936 4147 1018 4198 cum·
1036 4130 1135 4221 Aqua
1158 4129 1278 4220 tundi,
1303 4128 1412 4205 donec
1435 4132 1565 4225 penitus
1589 4131 1803 4315 liquesaligrta:

236 4394 240 4401 .
313 4430 372 4509 (a)
390 4427 560 4491 L'Hillolre
577 4424 614 4485 de
631 4422 747 4487 l'Acad.
770 4424 849 4501 Roy.
870 4422 924 4487 Aa.
947 4437 1033 4497 ¹⁷¹¹·
1056 4440 1122 4502 pag.
1143 4440 1192 4486 or.

312 4511 374 4588 (lt)
392 4510 502 4570 Plinius
525 4508 554 4565 in
573 4502 648 4564 lilii.
669 4504 773 4566 Natus.
794 4506 861 4564 [ἰὴ.
885 4510 931 4581 36.
952 4502 980 4579 ς.
1005 4518 1054 4577 57.
1077 4520 1144 4580 pag.
1166 4510 1234 4575 75⁶.

314 4590 373 4670 (c)
393 4585 515 4667 Journal
535 4584 586 4647 des
607 4582 742 4661 Statana,
754 4586 809 4648 Ao.
834 4598 922 4663 ¹25¹·
937 4580 1062 4661 actutu
1080 4598 1147 4659 pap
1167 4596 1239 4658 30⁴·
