4572 6086
528 345 622 458 aro
739 330 855 425 uu
936 311 1869 460 suso-rutctrarn‘

540 533 747 616 elediricirate
765 521 1041 618 persuadentur,
1074 515 1134 588 fint
1159 509 1324 596 solitariar
1358 531 1432 582 nrm
1464 506 1596 600 quando
1620 505 1762 599 phialam
1787 527 1865 580 cum
1890 529 2002 604 aqua,
2036 517 2072 588 in

534 653 638 725 quarn
663 627 805 704 muluuu
820 618 1055 694 rElesiricitatis
1079 609 1289 694 infunditur,
1322 607 1581 702 colligiturque,
1604 625 1714 678 manu
1737 608 2070 698 comprehendimusq

539 729 686 822 quanvis
704 723 775 794 solo
802 717 1009 796 infillamus;
1034 708 1141 803 phiala
1161 705 1380 778 Eleciricitate
1403 703 1582 794 impletur:
1619 701 1731 773 Phiala
1752 702 1819 796 jam
1845 704 1943 797 plena
1966 711 2074 800 potest

540 825 683 906 erubo,
708 840 750 890 ex
770 839 840 910 quo
866 811 1055 906 pendebat,
1080 806 1188 876 serreo
1209 801 1312 887 tolli,
1336 801 1454 892 patina
1478 799 1647 870 metallica
1671 802 1829 892 imponi,
1854 825 1929 896 quae
1954 805 2071 904 ligneae

542 920 660 994 tabulae
684 915 815 999 iniistita
840 911 1011 1004 pergitque
1027 903 1142 1000 phiala
1162 896 1273 972 multis
1295 899 1427 970 minutis
1451 894 1702 968 Eledtricitatem
1730 896 1863 972 servare.

591 1027 623 1126 ᾗ.
648 1016 936 1104 Deccxxxv.
962 1009 1155 1102 Aliquando
1177 1009 1359 1104 contingit,
1384 1027 1420 1077 ut
1445 1005 1575 1076 flamma
1598 1007 1775 1102 oandelae,
1801 1016 1909 1099 cerei,
1934 1015 2072 1106 spiritus

542 1125 621 1200 Vini
644 1124 784 1195 ardentis
807 1122 841 1189 in
865 1113 964 1194 vase,
989 1107 1080 1198 quod
1099 1107 1250 1178 llrislurae
1272 1103 1414 1186 serrem,
1439 1104 1612 1193 pendentis
1638 1125 1679 1175 ex
1704 1104 1834 1194 serico,
1857 1107 1895 1182 dt
1919 1113 2076 1185 elesirici-
2151 1125 2158 1136 ’

542 1241 608 1296 tare
628 1216 783 1313 persusae,
807 1211 936 1292 insistit,
961 1228 1030 1276 non
1051 1203 1168 1274 alliciat
1189 1201 1272 1272 levia
1295 1199 1508 1291 corpuscula,
1534 1221 1596 1272 nec
1621 1200 1688 1293 ipsa
1712 1203 1841 1277 flamma
1858 1212 2070 1282 mutationem

541 1320 673 1403 subeat,
696 1335 757 1386 nec
777 1311 851 1382 duae
876 1302 1083 1378 candelarum
1108 1302 1285 1372 vicinarum
1308 1296 1447 1368 flamna
1464 1294 1503 1366 wse
1527 1297 1705 1388 repellant,
1731 1299 1796 1374 hoc
1819 1297 1982 1377 observavi
2008 1329 2071 1378 cae·

544 1415 713 1497 loscco,
738 1411 852 1503 pigro:
876 1405 932 1476 An
955 1402 1031 1492 quia
1057 1419 1125 1472 tum
1156 1395 1346 1467 eleclrioitas
1370 1391 1506 1488 ingressa
1529 1391 1691 1467 flammam
1712 1449 1723 1477 ,
1750 1397 1868 1472 sursum
1893 1423 1968 1473 cum
1996 1402 2075 1474 scin·

546 1511 624 1588 tiliis
645 1506 680 1582 dt
703 1507 799 1588 sumo
823 1498 968 1574 candelae
993 1515 1060 1567 tora
1089 1492 1281 1576 adscendit,
1313 1489 1476 1562 exlatere
1501 1511 1571 1560 non
1593 1491 1788 1566 sensbiliter
1811 1497 1974 1573 effluens?
2010 1499 2075 1570 Sed

545 1605 722 1698 aliquando
752 1601 882 1672 flamma
912 1591 1055 1666 candelae
1091 1589 1239 1661 eledlrica
1266 1587 1364 1658 allicit
1397 1585 1576 1675 plumulam
1606 1610 1647 1658 err
1680 1589 1738 1660 silo
1755 1591 1851 1664 lineo
1877 1596 2072 1685 pendulam.;

545 1704 615 1782 aidi
637 1701 702 1774 hoc
727 1693 885 1778 evenille,
910 1711 979 1780 quo
999 1706 1152 1776 tempore
1171 1684 1289 1756 caelum
1312 1701 1380 1754 erat
1403 1682 1593 1771 humidum,
1619 1682 1846 1760 &admodum
1863 1713 1975 1781 parum
1989 1691 2077 1764 eleo·

546 1803 676 1872 tticum.
724 1793 780 1866 Cl.
802 1789 995 1882 Jallabertus
1015 1782 1166 1852 liridiurre
1189 1779 1327 1864 serreae,
1352 1777 1557 1850 eleslricitate
1581 1781 1744 1872 perlisse,
1768 1786 1936 1858 candelam
1960 1789 2075 1860 arden·

546 1917 616 1976 rem
640 1889 816 1984 imposuit,
838 1882 928 1978 cujus
950 1879 1079 1954 flamma
1101 1878 1205 1972 digito
1230 1878 1369 1952 obmoto
1395 1870 1489 1948 &in
1513 1877 1689 1949 rotundum
1715 1877 1805 1950 verso
1829 1886 2075 1974 appropinqua·

547 1993 616 2066 bat.
665 1985 810 2084 Quando
839 2003 879 2054 ex
900 1975 1037 2074 augusto
1057 1975 1180 2046 lumine
1201 1974 1269 2044 tubi
1291 1971 1392 2065 jasius
1407 1972 1583 2044 Alcoholis
1605 1973 1752 2059 eliditur,
1777 1979 1832 2066 qui
1856 1979 2076 2068 prioris-can·

550 2087 634 2172 delae
660 2083 823 2157 flarnmam
848 2076 1001 2154 transrcns
1022 2072 1226 2160 incenditur,
1241 2069 1391 2161 ,amplam
1412 2069 1612 2165 longamque
1631 2069 1799 2145 dammam
1813 2071 1977 2155 formans,
1996 2074 2076 2146 baec

401 2253 404 2258 .
552 2183 644 2264 filum
670 2182 791 2256 ducum
818 2173 1019 2256 alliciebat,
1046 2163 1245 2246 &amam
1263 2165 1480 2240 uehcsuenter
1496 2167 1717 2241 alliciebatur.
1768 2167 1925 2240 Candelae
1949 2167 2079 2242 llammn

549 2285 636 2358 inter
656 2278 738 2356 duas
761 2273 912 2350 distantes
935 2271 1040 2362 virgas
1063 2263 1238 2336 metallicas
1253 2263 1386 2355 polita,
1411 2261 1491 2336 solet
1503 2263 1755 2337 ..clediticitatem
1778 2263 2002 2337 adventantem
2016 2270 2076 2339 cir·

550 2357 777 2456 cumveneie,
810 2367 880 2438 &a
902 2367 991 2457 virga
1014 2359 1055 2430 ad
1076 2363 1198 2452 virgam
1231 2359 1385 2450 pellere,
1417 2381 1516 2449 quarn
1540 2364 1733 2450 ceteroquin
1759 2361 1806 2432 ob
1829 2360 1967 2451 amplius
1984 2365 2075 2436 inter

550 2471 695 2542 medium
722 2459 1102 2546 intervallumremotior
1130 2453 1210 2523 nihil
1234 2454 1448 2524 elediricitatis
1473 2453 1668 2545 recepisset:
1700 2455 1834 2528 candela
1858 2459 1941 2530 inter
1963 2463 2073 2550 ambas

550 2565 739 2658 interposita
759 2556 960 2634 intervallum
982 2551 1086 2642 duplo
1116 2553 1225 2622 minus
1252 2549 1375 2640 efficit„
1401 2547 1556 2622 semissem
1583 2549 1763 2624 dillantirm
1787 2553 1974 2628 cleclricitas
1998 2556 2072 2629 saci·

551 2661 615 2739 lius
645 2660 786 2734 transilit.
839 2655 938 2726 Circa
972 2647 1100 2719 furnum
1130 2647 1269 2724 ardentis
1301 2645 1367 2722 olei
1398 2645 1641 2720 Terebinthinae
1673 2649 1911 2724 elesiricitatem
1941 2652 2075 2726 sundere

552 2757 721 2845 hucusque
742 2775 811 2832 non
836 2751 954 2840 potui:
981 2763 1122 2820 attamen
1143 2743 1238 2834 hujus
1263 2741 1328 2816 olei
1353 2742 1576 2818 domnaedii
1599 2745 1762 2818 manifesta
1786 2746 1893 2820 allusae
1918 2751 2075 2824 eledlrici·

397 2918 402 2927 .
509 2859 512 2864 “
553 2855 627 2938 tatis
652 2851 766 2946 liqna:
801 2845 836 2917 dt
864 2844 996 2921 flammo
1017 2843 1164 2912 continet
1181 2837 1311 2917 ,sumum
1333 2839 1479 2914 densum.
1499 2893 1510 2904 ,
1528 2843 1583 2914 An
1607 2841 1786 2916 differentia
1809 2843 1925 2917 horum
1950 2852 2076 2939 appari·

553 2951 681 3028 tionum
714 2967 734 3017 a
765 2940 997 3020 constitutione
1026 2935 1127 3008 caeli‘i
1160 2959 1203 3010 an
1229 2959 1248 3010 a
1281 2937 1473 3031 quibusdam
1505 2939 1574 3010 aliis
1598 2942 1807 3032 incompertis
1830 2944 2074 3016 circumstantiis

552 3043 700 3136 pendet?
726 3035 902 3134 Quicquid
921 3035 976 3118 fit,
1001 3053 1132 3122 oportet
1152 3051 1188 3108 ut
1211 3033 1394 3126 hujusmodi
1410 3034 1633 3127 ‚discrepantes
1656 3057 1788 3108 eventus
1812 3039 1846 3108 in
1864 3037 2074 3114 Electrida-

554 3161 588 3220 te
613 3139 821 3232 frequentes,
846 3129 982 3212 reddant
1005 3125 1222 3218 Philosophus
1238 3129 1425 3206 ,admodum
1443 3131 1707 3223 circumspestos
1731 3135 1764 3203 in
1788 3131 1971 3204 refellendis
1993 3133 2075 3206 alio·

553 3259 627 3312 rum
651 3231 945 3312 observationibus,
970 3227 1179 3317 priusquam
1202 3226 1340 3319 ineptes
1365 3225 1548 3324 progressus
1571 3231 1605 3300 in
1630 3229 1691 3300 hac
1715 3225 1867 3302 dodbtina
1891 3229 1960 3302 sunt
1982 3229 2081 3306 aaa

599 3347 636 3446 ἦ.
660 3337 1144 3428 DCCCXXXVI..Corpora
1176 3337 1390 3412 Aneledlrica
1417 3361 1472 3412 aut
1504 3361 1572 3412 non
1605 3337 1869 3423 ldiotiledirica,
1892 3345 1979 3414 eirca
2001 3364 2076 3435 quae

556 3437 748 3518 circumfusa
782 3439 828 3510 est
860 3433 1054 3509 elesiricitas
1083 3436 1125 3503 ab
1147 3433 1406 3522 ldiodleslrico,
1439 3434 1476 3507 dr
1497 3458 1571 3527 quae
1595 3436 1707 3508 fimilia
1739 3436 1840 3508 edunt
1863 3436 2080 3528 phaenomena

555 3563 596 3616 ae
616 3535 812 3619 Elestriea.
835 3552 993 3607 vocantur
1015 3533 1178 3606 llberos
1191 3552 1256 3628 ,per
1278 3537 1609 3627 nunnunquam,
1632 3554 1687 3608 aut
1712 3535 2012 3630 Synperieleerica.

582 3651 638 3832 off
664 3646 984 3732 Deccxxxvu.
1009 3646 1150 3720 Facilius
1183 3649 1235 3744 vel
1265 3650 1381 3743 majori
1406 3648 1504 3742 capii
1527 3647 1667 3722 Effluvia
1689 3651 1840 3758 eledlrica
1864 3649 2081 3724 circumfundi

555 3776 580 3848 p
628 3770 690 3826 uut
710 3750 797 3822 circa
817 3767 980 3838 corpora,
1004 3767 1078 3838 quae
1104 3767 1173 3818 non
1195 3745 1266 3819 sunt
1288 3746 1531 3831 ldiodledlrica,
1559 3749 1673 3818 autin
1699 3748 1820 3837 quilms
1844 3766 1941 3838 parva
1955 3745 2082 3822 aletur·-

556 3853 638 3930 citas
657 3847 789 3920 excitari
814 3844 938 3937 potest:
957 3841 1124 3916 ,difficilius
1139 3845 1196 3921 ,vel
1219 3846 1336 3918 minori
1356 3845 1459 3936 ,copis
1485 3841 1787 3916 circumfunduntur
1808 3846 1894 3914 circa
1915 3843 2081 3917 ldoelec-

412 4011 418 4018 .
557 3951 666 4033 trica,
690 3944 754 4018 live
778 3945 812 4016 in
837 3942 888 4014 his
915 3941 1104 4014 eleslriciras
1124 3942 1288 4027 exaitare,
1311 3939 1363 4012 vel
1386 3963 1467 4012 non.
1480 3942 1618 4014 excitare
1635 3938 1758 4010 suerit:
1790 3937 1872 4036 Quo
1898 3939 1969 4011 sunt
1993 3939 2083 4014 ldio·

558 4045 709 4118 iledlricr
731 4038 954 4137 generosiora,
978 4057 1031 4107 eo,
1044 4037 1202 4106 minorem
1221 4038 1504 4108 cladricinds·nb
1528 4036 1595 4108 alio
1617 4033 1723 4108 offusae
1747 4039 1879 4128 copiam
1902 4039 2082 4130 reciplunta

559 4139 644 4220 Non
664 4141 753 4216 enin
767 4139 854 4208 circa
870 4133 1001 4215 Picem,
1028 4129 1187 4218 Sulphur,
1214 4130 1333 4204 Ceram
1352 4132 1543 4228 sgillarem,
1568 4131 1901 4218 sericumwinnm,
1926 4128 1993 4206 ore.
2015 4153 2082 4208 ran·

561 4255 628 4309 tam
648 4239 714 4308 vim
736 4231 962 4304 Eleliricitatis
982 4248 1049 4319 ope
1070 4223 1223 4315 Cylindri
1243 4227 1294 4300 vel
1318 4228 1448 4322 spbaerae
1471 4231 1588 4322 amplae
1613 4233 1721 4303 vinee
1745 4229 2081 4322 circumlirnderepo-

562 4333 640 4414 tui,
661 4349 698 4400 ut
718 4330 790 4402 haec
812 4350 832 4399 a
854 4324 930 4400 flatu
949 4325 1068 4408 ¹ambiri
1089 4343 1204 4396 manus
1227 4322 1383 4414 sentiret,
1406 4347 1462 4400 aur
1485 4346 1523 4400 ut
1546 4330 1581 4398 in
1605 4327 1756 4398 extremis
1778 4325 1951 4417 penicillos
1972 4327 2082 4400 redio·

562 4422 871 4518 topicoruscantes,
905 4423 968 4494 sve
996 4419 1175 4494 flannuas
1202 4441 1394 4509 cernerem,
1428 4443 1485 4495 aur
1517 4422 1665 4495 scintillas
1688 4424 1885 4515 crepitantes
1909 4423 2079 4496 elicerem:

561 4509 640 4596 ideo
660 4519 794 4593 sericum
816 4519 945 4592 cerulei
961 4519 1105 4606 coloris,
1129 4539 1205 4592 cum
1227 4518 1264 4591 lit
1282 4523 1442 4612 optimum
1466 4519 1746 4604 idloeleetncun,
1771 4521 1930 4592 minorem
1956 4522 2087 4613 copiam

547 4617 765 4714 ,alladorum
789 4615 927 4702 citasse
949 4618 1086 4715 recipit,
1103 4637 1211 4712 optem
1232 4616 1380 4696 Sericum
1402 4617 1543 4695 Quam
1559 4615 1737 4708 eolotttut,
1758 4617 1905 4714 proinde
1924 4615 1971 4693 eli
1993 4634 2088 4732 agre·

1968 4731 2087 4816 lma
