4568 6090
549 367 626 474 nra
711 357 817 448 or
864 327 1243 444 cornorum
1290 289 1942 460 nrrnncrrouisun

546 560 642 633 trahit
670 581 756 653 aqua
785 556 877 630 sortir'
894 583 918 642 ,·
939 551 1133 647 quamhnc
1160 543 1395 636 Mercurium,
1424 550 1502 620 ideo
1528 549 1586 622 hic
1604 573 1690 628 mox
1710 557 1848 637 relidus
1873 549 2085 666 rd'sdndum

547 659 688 731 subsidit.
2048 667 2058 678 ’

594 742 631 828 ln
654 763 749 849 Aqua
771 753 846 824 sorti
869 749 1040 840 asperrima
1061 747 1200 817 solvatur
1218 743 1428 838 Argentum,
1464 741 1614 818 solutioni
1642 750 1826 844 injiciantur
1842 761 1986 843 lamella
2010 769 2084 845 Cu·

541 859 617 946 pti,
643 873 715 945 qnae
742 850 966 925 vehementius
996 847 1038 918 ab
1064 844 1164 934 Aqui
1186 839 1265 912 sorti
1289 841 1481 926 trahuntur,
1515 842 1593 914 ideo
1618 848 1660 918 a'd
1681 849 1819 930 fundum
1840 850 1997 962 'praeceps'
2022 869 2081 946 sub

543 953 649 1024 somn
671 951 811 1044 pulveris
835 965 908 1019 ruet
933 945 1146 1040 Argentum:
1181 938 1343 1011 Solutioni
1364 937 1458 1011 AEris
1475 941 1574 1030 priori
1596 942 1763 1033 adjiciatur
1785 954 1953 1050 Ferrum,
1987 947 2083 1060 qnod

543 1051 680 1122 ualidius
706 1049 812 1121 adhuc
834 1049 876 1114 ab
897 1043 995 1132 Aqua
1014 1037 1093 1110 forti
1118 1061 1214 1131 quam
1240 1037 1390 1127 Cuprum
1415 1037 1578 1124 trahitur,
1607 1061 1687 1112 mort
1717 1053 1857 1138 proinde
1886 1059 1952 1132 hoc
1983 1065 2086 1138 relin-

545 1169 664 1238 quetur
686 1147 722 1220 dr
736 1143 859 1237 pessum
877 1146 902 1211 it
924 1139 965 1210 ad
989 1135 1144 1207 fundum:
1172 1135 1323 1207 solutioni
1342 1135 1417 1207 huic
1446 1133 1542 1208 Ferri
1565 1136 1692 1211 filtratae
1718 1147 1897 1224 inmittatur
1916 1155 2081 1248 Zincum,

542 1247 638 1335 quod
658 1246 794 1317 validius
815 1238 922 1309 adhuc
944 1236 986 1306 ab
1014 1235 1109 1325 Aqua
1129 1233 1206 1304 sorti
1227 1231 1380 1319 trahitur,
1406 1239 1570 1306 excutitur
1589 1237 1730 1328 proinde
1753 1243 1909 1320 Ferrum:
1935 1231 2081 1330 Solutio·

542 1346 581 1413 ni
606 1343 682 1412 huic
705 1341 799 1410 Zinci
829 1334 927 1428 injice
952 1329 1083 1402 Oculos
1108 1331 1312 1402 cancrorum
1332 1382 1344 1416 ,
1368 1331 1403 1400 hi
1417 1371 1420 1380 ι
1434 1331 1601 1406 fortissime
1624 1338 1667 1408 ab
1691 1341 1791 1432 Aqua
1816 1343 1892 1417 forti
1918 1353 2004 1426 meti
2025 1377 2083 1430 ex-

545 1443 671 1512 cutient
696 1439 850 1508 Zincum.
926 1429 1016 1502 Mox
1047 1427 1201 1500 solutioni
1233 1423 1364 1500 affunde
1396 1430 1549 1524 Spiritum
1578 1431 1719 1522 Urinae,
1746 1436 1783 1510 dt
1809 1445 1969 1520 terrestres
1993 1453 2081 1525 oculi

544 1541 729 1633 precipites
754 1535 940 1605 dabunnrr:
972 1525 1102 1599 tandem
1126 1522 1258 1598 aliunde
1284 1527 1444 1618 liquorem
1470 1528 1580 1602 Alcali
1602 1531 1686 1620 fixi,
1717 1537 1750 1608 in
1778 1559 1877 1630 quern
1899 1541 2082 1622 ‘violentissi-

545 1657 599 1706 me
625 1651 778 1726 operatur
803 1633 902 1721 Aqua
925 1627 1038 1711 sortis,
1061 1643 1149 1698 nunc
1175 1623 1229 1696 Sal
1257 1623 1415 1703 Urinosus
1439 1631 1647 1717 excudetur,
1674 1627 1710 1704 dt
1735 1632 1788 1708 sua
1809 1638 1937 1713 levitate
1961 1643 2078 1722 sursum

542 1734 700 1804 enecabit.
1274 1765 1278 1774 ·

594 1827 673 1902 Huc
694 1825 871 1899 refenndae
894 1823 966 1896 sont
988 1822 1206 1894 hienimum
1233 1826 1484 1920 urgentiores,
1510 1831 1559 1899 uti
1590 1827 1727 1900 Arboris
1756 1829 1879 1904 Diaaae
1909 1833 1975 1908 dcc.
2000 1837 2079 1918 cnm

540 1929 591 2001 nd·
615 1928 799 2022 Argentum
826 1927 859 1992 in
888 1926 985 2012 Aqua
1009 1920 1088 1990 sorti
1119 1920 1259 1990 solutum
1279 1922 1428 2011 adjicitur
1450 1921 1657 2011 Mercurius,
1686 1930 1781 1998 etiam
1808 1932 1843 2000 in
1870 1929 1969 2026 Aqua
1998 1937 2078 2012 sorti

543 2023 735 2108 disolurust
761 2021 797 2094 dt
819 2023 1016 2092 miscentur:
1046 2038 1124 2086 mox
1146 2037 1264 2112 magna
1283 2017 1467 2094 effundatur
1491 2023 1600 2116 Aquae
1625 2027 1749 2118 copia,
1773 2025 1826 2098 vel
1850 2029 1946 2102 Aceti
1965 2031 2077 2106 destil·
2197 2029 2200 2034 ’

543 2123 628 2210 lati,
664 2119 700 2192 dt
723 2123 757 2192 in
785 2120 863 2192 loco
889 2118 1004 2208 quieto
1022 2131 1211 2206 ponantur:
1242 2114 1308 2206 jam
1331 2137 1438 2207 partes
1468 2121 1713 2194 metallorum‘a
1733 2124 1863 2217 liquore
1887 2147 1952 2199 tam
1975 2130 2079 2206 diluto

540 2219 708 2294 sustentari
732 2234 929 2310 nequeunt,
962 2215 1150 2304 praecipites.
1169 2212 1345 2298 labuntur;
1382 2218 1415 2287 in
1439 2217 1470 2287 se
1499 2239 1613 2291 mutuo
1639 2221 1815 2310 incidunt,
1850 2225 2018 2302 trahuntur
2038 2229 2079 2302 ad

539 2317 674 2390 massam
699 2319 807 2410 primo
828 2313 1022 2396 sonnaram,
1048 2312 1198 2380 oriuntur
1218 2309 1469 2387 tamificationes
1487 2315 1708 2414 irregulares,
1733 2342 1808 2412 quae
1831 2343 1998 2418 utcunque
2027 2349 2075 2401 ar-

542 2419 659 2490 borem
685 2435 762 2484 curn
782 2413 879 2482 rantis
901 2407 1054 2479 referunt.
1144 2437 1147 2448 ·
1806 2413 1809 2422 ⁴

593 2511 818 2597 Hombergius
839 2503 988 2594 capiebat
1011 2521 1152 2591 quatuor
1176 2502 1345 2580 drachmas
1369 2513 1494 2582 arenti
1517 2511 1663 2600 sinceri,
1694 2513 1823 2603 limari,
1853 2540 1928 2592 cnm
1950 2521 2073 2596 duabus

541 2609 704 2682 drachmis
724 2602 908 2680 hlercurii,
925 2603 960 2672 in
977 2599 1170 2696 Amalgama
1191 2603 1379 2699 redigebat,
1392 2529 1612 2699 ‚drivebarque
1630 2614 1663 2682 in
1687 2636 1828 2704 quatuor
1851 2620 1955 2690 unciis
1973 2619 2077 2711 Aqua

541 2705 662 2778 sortis:
698 2703 774 2772 dein
798 2702 833 2770 ia
858 2697 965 2790 phiala
990 2719 1071 2790 pura
1091 2698 1131 2769 ad
1156 2697 1353 2774 solutionem
1378 2703 1501 2795 aliquid
1528 2709 1605 2776 novi
1631 2711 1809 2804 amalgama
1837 2729 1879 2783 ert
1907 2713 2078 2794 Merctuio

544 2799 580 2874 dt
613 2805 766 2898 Argenta
792 2795 1008 2883 affundebat,
1042 2795 1084 2868 ad
1114 2797 1207 2890 quod
1233 2801 1400 2894 exemplo
1430 2805 1510 2878 tami
1541 2803 1768 2878 accrescebant
1795 2811 1947 2884 arborem
1979 2837 2078 2888 aemu.

540 2900 657 2974 lantes.

598 3018 630 3108 ς.
657 3011 862 3086 uerxlv.
888 3011 971 3088 Sunt
994 3011 1080 3084 Salia
1105 3011 1259 3086 Alcalinr
1283 3013 1437 3088 fortiihmi
1459 3014 1634 3112 Magnetes
1658 3015 1765 3108 Aqua
1792 3017 1940 3108 Asreae,
1962 3030 2077 3116 capia·

541 3135 597 3190 tur
621 3117 717 3184 enim
737 3115 832 3184 uncia
863 3107 1016 3183 srcciihmi
1036 3112 1118 3184 Salis
1141 3111 1293 3198 Tartari,
1326 3131 1451 3204 repone
1473 3115 1508 3184 in
1534 3113 1618 3184 cella
1641 3109 1755 3183 clausis
1783 3113 1927 3188 fenestris
1951 3125 2074 3211 portis·

544 3237 634 3308 que,
661 3235 704 3284 ne
727 3213 797 3283 A'e'r
818 3213 985 3306 agitetur,
1011 3211 1099 3282 brevi
1124 3231 1166 3280 ex
1187 3211 1275 3282 Adra
1294 3211 1337 3280 ad
1362 3209 1393 3280 se
1413 3229 1477 3282 tres
1505 3211 1619 3282 uncias
1644 3213 1753 3302 Aquae
1776 3212 1890 3298 trahit,
1918 3215 1938 3288 A
1959 3217 2079 3308 quibus

396 3357 403 3371 -
543 3312 699 3384 solvitur:
731 3309 878 3404 hlargini
911 3307 990 3380 vais
1014 3309 1107 3380 vitrei
1131 3307 1365 3402 circumligavit
1390 3305 1448 3379 Cl.
1470 3309 1501 3378 la
1523 3305 1635 3379 Hirius
1662 3307 1839 3380 linteamen
1861 3315 1971 3387 lixivio
1996 3316 2079 3390 salis

539 3410 668 3480 Tartari
689 3409 847 3490 ebrium,
879 3427 935 3478 vas
966 3407 1106 3479 incarn
1136 3405 1343 3478 observatorii
1379 3405 1557 3498 repostum
1581 3405 1760 3477 notabilem
1787 3404 1924 3499 liquoris
1947 3415 2078 3505 copiam

541 3508 700 3603 collegit,
725 3527 824 3598 qoem
848 3525 889 3575 ert
914 3505 1175 3578 A'e‘realcrlicus
1199 3501 1253 3574 Sal
1276 3504 1415 3574 attraxit.
1474 3499 1577 3596 Lapis
1608 3501 1812 3576 Oelandicus
1836 3507 1933 3581 instar
1957 3507 2078 3583 Notio·

543 3610 638 3678 mern·
663 3605 834 3696 humidum
857 3604 988 3676 ebreum
1003 3605 1144 3676 imbibit.
1194 3600 1369 3696 Ejusmodi
1393 3621 1561 3699 magnetes
1585 3599 1708 3674 humidi
1733 3605 1819 3675 sirei
1845 3604 1918 3679 sunt
1944 3631 2079 3702 quoque

544 3703 683 3796 Spiritus
704 3705 786 3775 acidi
809 3706 1035 3790 concentmti,
1062 3703 1225 3796 Butyrum
1251 3701 1463 3802 Antimonii,
1491 3698 1613 3772 Oleum
1639 3698 1771 3773 Vitrioli
1797 3699 1865 3776 &a
1889 3709 1946 3798 qui
1972 3710 2006 3779 in
2030 3707 2080 3779 lu·

543 3823 619 3878 aem
643 3803 821 3875 universam
843 3801 962 3897 prolati
984 3805 1039 3878 virt
1060 3801 1209 3876 credibili
1230 3799 1380 3895 pondere
1400 3795 1635 3898 ingravescunt.

536 3988 544 3999 ,
596 3919 627 4016 s.
654 3915 842 3992 hlLliXV.
868 3919 989 3994 Praeter
1012 3921 1146 4014 Aquam
1167 3925 1200 3992 in
1222 3918 1315 3994 nere
1339 3923 1473 4010 quoque
1498 3935 1609 3988 natam
1634 3915 1752 4004 Sales,
1784 3917 1977 4009 potilhmum
2009 3923 2080 3994 acia

547 4019 601 4104 di,
627 4022 661 4088 in
685 4020 851 4090 nonnullis
874 4022 1062 4115 regionibus
1086 4018 1287 4110 copiosiores
1311 4014 1347 4090 dt
1371 4018 1534 4101 acriores,
1559 4017 1593 4086 in
1619 4013 1688 4085 aliis
1712 4017 1873 4106 parciores
1898 4014 1933 4089 dt
1968 4021 2080 4091 mitio·

548 4137 627 4198 res,
661 4121 717 4206 qui
750 4121 852 4188 centis
885 4115 905 4185 ὲ
937 4119 1014 4186 ioco
1046 4119 1080 4186 in
1112 4117 1222 4188 locum
1249 4117 1375 4205 delati,
1399 4113 1594 4207 corporibus
1620 4110 1785 4185 nonnullis
1808 4113 2079 4209 apponuntur&

549 4205 853 4285 oblraemscunrahi'
877 4213 985 4303 pluvia
1009 4214 1061 4286 vel
1085 4235 1205 4308 vapore
1227 4235 1366 4309 aquen,
1391 4215 1425 4286 in
1449 4215 1526 4284 abre
1548 4209 1784 4296 delitescente,
1810 4215 2006 4303 tabescunt,
2029 4215 2078 4287 su·

550 4309 715 4402 perficiem
743 4311 939 4384 obsesshrum
965 4335 1142 4408 corporum
1168 4315 1341 4409 asperam,
1366 4313 1540 4396 eredunt,
1565 4331 1727 4381 unacum
1754 4313 1794 4380 iis
1818 4315 1953 4386 crustam
1978 4337 2080 4407 quan·

550 4405 625 4478 dam
651 4408 853 4500 molliorem,
880 4430 1077 4502 tumentem,
1103 4417 1278 4502 rariorem,
1303 4414 1387 4505 saepe
1403 4410 1580 4494 friabilem,
1607 4407 1719 4480 diversi
1746 4411 1868 4485 coloris
1884 4413 2080 4499 efficientes,

553 4527 626 4596 qua
652 4504 808 4601 quadam,
826 4509 947 4598 species
972 4510 1103 4586 Vitrioli
1127 4513 1173 4608 est
1191 4509 1269 4599 ,dt
1301 4528 1434 4584 vocatur
1468 4511 1608 4606 Rubigo.
1661 4503 1756 4580 Hanc
1781 4512 1969 4584 incivitate
1996 4508 2078 4582 Hol-

554 4601 701 4690 lindier
729 4605 809 4676 mari
834 4593 1034 4683 Germanico
1058 4611 1256 4706 adjacentis,
1278 4609 1374 4689 seona
1398 4611 1613 4708 Argentum,
1638 4607 1732 4704 quod
1755 4609 1879 4684 etiami
1902 4611 1960 4686 snb
1985 4605 2081 4722 tedio

2045 4727 2085 4780 ua
