4538 6072
329 9 736 40 *¹*····-····7-···'“···-·-·--—--
817 23 827 26 -
849 19 963 28 —---.---—
991 1 1036 30 ---
1083 23 1101 30 .-
1132 23 1145 29 “
1179 1 1188 5 “

415 284 1130 462 nn-noco·,rnm1³onn
1167 323 1256 452 ,ΕΤ
1293 353 1513 446 Moru,
1670 383 1725 469 ῃ

188 569 326 644 pernici
349 563 704 640 eelerimte'moveotur
721 553 878 627 Cometae
902 576 921 622 t·
943 549 1067 644 Neam
1088 549 1202 622 seua
1224 549 1304 622 fixae
1320 550 1439 648 inustus
1455 553 1539 624 locis
1559 552 1724 644 quiestere

195 666 365 749 videmur,
389 665 496 734 umes
515 657 677 749 aliquibus
701 652 916 726 mutationem
932 650 1115 742 apparentis
1137 649 1397 744 magnitudinis,
1428 653 1522 720 variis
1544 653 1619 720 anni
1643 671 1724 722 tent·

194 766 331 856 poribos
346 757 574 840 subeuntibus,
594 773 663 824 tunt
685 771 727 822 ex
742 749 812 818 aliis
832 745 963 836 prorsus
980 744 1260 828 evanescentibus,
1282 745 1351 816 aliis
1371 745 1629 834 inconspectum
1647 767 1723 835 pro·

196 861 390 942 deontibus,
414 854 492 926 colii
519 855 612 924 'mun
663 849 820 920 Arcturus
836 843 985 934 quolibet
1000 865 1089 914 anno
1111 843 1211 914 debet
1231 839 1426 913 descendere
1449 838 1501 912 m*
1526 841 1568 912 18
1590 861 1725 932 propter

41 999 46 1004 ·
184 955 439 1050 -ptaeceiiionern
513 947 757 1040 quinodionno
776 991 788 1025 ‚
808 939 862 1012 sed
882 939 928 1010 est
949 939 1024 1010 buit
1044 937 1146 1010 stessae
1161 958 1270 1012 motus
1286 941 1440 1032 proprius
1456 940 1489 1009 in
1503 936 1726 1030 latitudinem,

195 1051 490 1124 circiterduorum
509 1043 718 1118 Minutorum
734 1038 847 1130 Spatio
874 1057 921 1130 50
948 1057 1107 1118 annorum
1131 1035 1241 1131 ’(α).
1290 1031 1632 1109 Plurium‘rneminisie
1656 1053 1726 1106 non

191 1149 309 1244 juvat:
340 1143 513 1242 Quicquid
532 1143 630 1238 iginn
648 1142 682 1212 in
705 1132 863 1213 Universo
884 1133 1016 1220 exiliit,
1038 1155 1247 1226 nequaquam
1260 1130 1412 1227 quiescit·
1649 1209 1656 1218 ,

243 1262 275 1361 §.
299 1256 533 1334 CCXXXVI.
559 1253 679 1326 Motus
694 1251 750 1342 qui
771 1246 965 1337 corporibus
985 1248 1111 1342 magnis
1126 1243 1158 1340 s.
1180 1261 1265 1336 235.
1295 1243 1406 1328 inest,
1427 1247 1577 1334 perennis
1591 1242 1654 1314 est:
1668 1262 1726 1315 cu·

193 1363 245 1457 jus
266 1358 359 1432 eausa
371 1355 433 1428 suit
456 1351 579 1438 Deus,
604 1351 659 1442 qui
679 1346 849 1439 postquam
868 1343 986 1414 cunae
1007 1346 1042 1413 in
1062 1341 1226 1433 principio
1241 1357 1431 1423 creaverat,
1455 1337 1578 1432 suoque
1591 1341 1726 1426 ordine,

196 1462 293 1532 certis
306 1449 600 1541 discretos-spatiis
624 1495 637 1532 ,
664 1443 814 1515 Planctus
834 1437 871 1512 dt
895 1439 1053 1512 Cornetus
1076 1437 1253 1529 posuerat,
1280 1435 1464 1508 vehementi
1484 1437 1616 1525 quidem
1633 1455 1727 1508 motu

174 1553 387 1648 'proiesiiih
412 1548 467 1621 sed
486 1548 645 1630 minimo,
665 1542 752 1613 circa
773 1537 885 1610 Solem
902 1533 1104 1630 amplissimae
1121 1529 1350 1630 magnitudinis
1372 1534 1579 1603 commovit:
1602 1534 1726 1626 reliqua

198 1653 310 1740 sydera
331 1649 384 1720 vel
409 1645 501 1718 smiii
520 1641 664 1734 quodam
681 1691 691 1726 ‚
710 1635 762 1708 vei
784 1634 851 1706 alio
863 1642 968 1706 'moto
983 1634 1139 1738 sagitavit²
1156 1651 1254 1722 quem
1278 1646 1414 1720 propter
1427 1629 1617 1703 immensum
1634 1647 1728 1722 ,quo

189 1749 217 1818 -i
230 1749 335 1820 nobis*
349 1743 478 1826 absunt,
506 1737 707 1815 intervallum
720 1732 914 1828 distinguere
929 1733 1075 1802 nondum
1091 1729 1176 1799 bene
1199 1729 1376 1819 potuimm.
1406 1743 1409 1750 ·
1590 1769 1596 1780 ·
1713 1767 1717 1778 ·

244 1850 274 1948 s.
301 1843 548 1924 ccxxxvii.
586 1841 691 1916 Causa
723 1837 822 1910 altera
857 1853 986 1918 motus,
1010 1851 1108 1928 atque
1137 1831 1289 1902 vomeris
1316 1834 1511 1924 corporibus
1540 1835 1725 1928 systematis

194 1939 627 2026 Piaomani·&·Cometarii
653 1937 860 2016 communis,
886 1931 932 2000 est
957 1927 1129 2011 Gravitas,
1154 1947 1370 2018 quaemotum
1383 1947 1448 2000 tarn
1465 1933 1498 2002 in
1509 1931 1724 2020 Caeiestibus,

194 2063 292 2141 quam
310 2041 586 2116 in'serresiribus
604 2036 798 2125 corporibus
823 2027 989 2119 producit:
1015 2025 1171 2116 Corpora
1195 2027 1282 2096 eninr
1300 2045 1423 2096 terrena
1443 2029 1476 2099 in
1501 2030 1600 2102 altum
1623 2031 1727 2104 subla·

193 2165 250 2228 ta,
280 2140 398 2212 deinde
440 2139 495 2209 fibi
525 2137 628 2206 libere
654 2125 843 2210 commissa,
872 2127 904 2195 vi
938 2121 1111 2193 Gravitatis
1134 2121 1285 2192 labuntur
1302 2123 1334 2193 in
1353 2123 1499 2198 Terram.
1532 2124 1675 2201 Pianere
1691 2125 1728 2200 δι
1805 2149 1815 2156 ·

195 2243 351 2314 Cometae
444 2240 538 2305 vitato
568 2228 659 2301 finili
683 2227 832 2298 labuntur
856 2223 890 2291 in
910 2219 1042 2304 Solem,
1068 2218 1122 2288 sed
1147 2221 1178 2289 vi
1201 2217 1382 2318 centrisuga
1404 2225 1447 2294 ab
1471 2243 1513 2296 eo
1538 2227 1728 2298 recedentes

193 2342 228 2412 in
256 2338 378 2416 orbitis
425 2335 525 2415 vatis,
546 2327 609 2402 five
623 2324 787 2414 Ellipticia
802 2319 926 2392 moveri
946 2319 1032 2388 circa
1046 2314 1159 2385 Solem
1179 2335 1332 2410 pergunt,
1381 2317 1440 2389 llia
1459 2321 1641 2395 universalis
1657 2345 1729 2394 om·

178 2437 286 2504 ‘nium
311 2431 517 2499 Planetamna
541 2425 677 2516 gravitm
698 2423 732 2487 in
754 2416 785 2489 se
814 2428 932 2488 mutuo
954 2409 991 2482 du
1012 2414 1046 2480 in
1068 2410 1180 2479 Solem
1203 2411 1385 2495 efficit,.ut
1401 2415 1459 2482 Sol
1481 2438 1544 2487 una
1564 2441 1639 2490 curn
1656 2419 1729 2489 Pla·

193 2529 282 2600 netis
305 2519 340 2593 bt
365 2521 517 2608 Cometis
538 2518 625 2600 circa
644 2529 790 2582 centrum
812 2507 973 2602 gnvitatis
997 2523 1173 2574 commune
1196 2497 1336 2589 seratur,
1361 2507 1446 2576 adeo
1467 2530 1504 2586 ut
1527 2513 1621 2584 locus
1645 2513 1730 2586 solis

197 2645 267 2696 non
299 2619 426 2708 semper
457 2614 493 2684 fit
522 2611 628 2681 idemt
653 2609 723 2696 pari
746 2605 841 2693 padio
864 2621 940 2668 curn
968 2596 1064 2668 Luna
1089 2599 1174 2667 eirca
1202 2597 1339 2670 Terram
1364 2605 1517 2691 vertitur,
1539 2610 1600 2678 erit
1621 2609 1731 2680 ambu-

195 2741 267 2793 rum
298 2731 446 2784 centrum
477 2706 639 2802 gravitatis
670 2717 868 2778 commune,
894 2693 985 2784 quod
1016 2714 1084 2762 non
1115 2693 1241 2781 semper
1268 2696 1329 2767 erit
1359 2698 1392 2766 in
1415 2697 1515 2786 plano
1535 2699 1730 2795 Eciipticae,

193 2836 269 2886 cum
303 2807 413 2878 Lunae
440 2803 572 2896 planum
597 2797 791 2886 Eclipticum
815 2791 876 2888 ¹sub
898 2787 1020 2882 ungulo
1042 2789 1189 2878 quinque
1206 2786 1366 2880 graduum
1395 2789 1497 2865 secet!
1521 2799 1590 2872 imo
1619 2819 1730 2873 mutua

194 2894 304 2984 Lunae
320 2899 356 2975 &
372 2903 490 2974 Terrae
508 2895 677 2992 gravitudo
690 2888 827 2970 efficiet,
841 2905 877 2956 ut
891 2881 993 2982 Tena
1006 2903 1241 2974 nonnunquam
1258 2881 1321 2955 m*⁸.
1342 2907 1372 2956 1.
1389 2881 1425 2957 dt
1440 2891 1509 2960 mm.
1531 2911 1573 2984 15
1593 2915 1613 2964 a
1629 2895 1730 2987 plano

194 3005 370 3096 Eclipticae
395 2997 494 3080 absa,
514 2993 705 3083 supputante
723 2983 848 3056 Eulero
864 2981 945 3074 (b)
973 2977 1141 3076 Quoniam
1162 3000 1297 3070 quoque
1315 2980 1418 3055 Terra
1442 2985 1489 3056 est
1510 3009 1625 3074 ovata,
1649 2992 1730 3066 dum

196 3129 216 3178 a
239 3101 334 3172 Luna
349 3097 511 3176 ambitur,
545 3087 581 3160 bt
597 3085 692 3160 Nudi
713 3079 861 3156 Lunares
883 3080 1023 3150 orbitam
1041 3076 1131 3148 iunae
1149 3095 1360 3168 percurrunt,
1383 3085 1552 3178 gravitatio
1575 3085 1679 3161 Luna
1693 3092 1729 3163 in

196 3199 334 3272 Terram
349 3179 858 3281 tempore'periodieo'nodorum
871 3173 1008 3276 efficiet,
1033 3195 1069 3246 ut
1082 3173 1184 3244 Terra
1199 3177 1285 3246 varia
1302 3181 1481 3270 quantitate,
1491 3203 1604 3256 nutare
1621 3185 1730 3260 videa·

196 3317 270 3378 tur,
296 3287 330 3362 &
361 3285 458 3359 stellae
486 3281 562 3356 fixae
588 3299 675 3352 nunc
689 3278 792 3372 magis
808 3292 896 3344 nunc
912 3269 1190 3344 minusdeclinare
1208 3291 1383 3362 appareant
1397 3275 1467 3369 (c)
1500 3277 1589 3350 Nam
1602 3288 1728 3358 natatio

197 3393 309 3466 Terre
323 3385 369 3458 est
392 3385 433 3457 18
460 3379 531 3465 m**,
556 3377 691 3470 ejusque
704 3371 859 3466 periodus
874 3389 1023 3440 accurate
1037 3365 1209 3459 respondet
1226 3367 1422 3442 revolutioni
1439 3373 1602 3448 nodorum
1617 3375 1730 3452 Luna·

195 3495 302 3572 rium,
328 3505 406 3576 qua:
425 3479 470 3550 est
491 3498 533 3567 19
552 3495 735 3557 annorum,
750 3473 796 3540 uti
811 3467 989 3556 Bradleyus
1002 3465 1110 3552 multis
1127 3463 1403 3540 observationibus
1415 3469 1634 3545 confirmavit:
1660 3477 1730 3568 pla·

194 3607 275 3660 nutn
304 3584 392 3652 enim
412 3577 528 3645 orbita
557 3568 695 3638 Lunaris
717 3566 879 3660 interdum
902 3563 1018 3634 decem
1039 3561 1191 3660 gradibus
1215 3567 1318 3664 magis
1337 3565 1527 3640 inclinatum
1548 3567 1594 3642 est
1608 3573 1728 3668 adpla.
1805 3591 1815 3607 ·

194 3673 496 3764 numAEquatoris,
518 3685 614 3756 quarn
629 3661 694 3731 aiio
711 3681 868 3750 tempore.

262 3771 420 3846 Satellites
452 3762 595 3857 Joviaies
624 3752 659 3828 δι
692 3757 854 3828 Saturnini
883 3757 979 3825 etiam
1010 3760 1167 3851 gravitant
1198 3758 1232 3826 in
1256 3755 1373 3848 Jovem
1397 3757 1433 3831 bt
1464 3762 1655 3854 Satumum,
1679 3773 1728 3842 uti

195 3877 293 3950 Luna
327 3870 360 3937 in
384 3862 523 3935 nostram
547 3855 706 3940 Terram,
730 3857 798 3926 imo
815 3852 966 3922 Cometes
987 3873 1006 3921 a
1026 3853 1178 3946 gravitate
1204 3843 1343 3942 Jovis&
1376 3855 1502 3928 Samrni
1525 3861 1726 3953 afficiuntur,
1811 3857 1816 3864 ’

197 3967 331 4063 quando
353 3966 388 4034 in
409 3954 616 4049 Trajesioriis
639 3972 708 4022 non
733 3947 848 4042 procul
862 3949 904 4018 ab
918 3947 968 4018 his
996 3949 1134 4040 planetis
1148 3949 1330 4020 versantur:
1355 3945 1451 4022 Licet
1475 3957 1572 4048 igitur
1591 3964 1728 4054 gravitas

194 4070 236 4140 fit
259 4063 329 4134 talis
340 4063 374 4130 in
393 4054 584 4146 corporibus
604 4051 805 4142 proprietas,
830 4063 866 4117 ut
887 4045 1111 4118 vehementius
1134 4063 1287 4136 operetur
1309 4050 1342 4119 in
1371 4053 1564 4141 corporibus
1589 4061 1726 4150 propin·

1601 4179 1606 4186 ·
1636 4177 1728 4248 quta,

238 4355 294 4440 (a)
318 4347 429 4414 L'rnu.
447 4347 485 4408 de
499 4341 628 4407 L'Acad.
643 4345 722 4423 Rop.
737 4343 793 4404 Aa.
813 4355 898 4416 174³·
921 4357 985 4418 pag.
1002 4348 1052 4415 69.
1073 4341 1167 4420 Janes
1179 4340 1304 4417 Bmdiep
1321 4361 1361 4406 on
1383 4364 1400 4408 a
1423 4345 1510 4409 letter
1530 4360 1562 4412 to
1585 4354 1634 4415 the
1656 4355 1726 4426 Etr!

319 4432 356 4492 os
372 4423 578 4490 Matclesfieid.
594 4441 625 4511 p.
640 4439 690 4498 4ο.
717 4421 901 4482 d'AIembert
921 4419 1107 4482 Rechercbet
1129 4422 1175 4484 sut
1197 4421 1458 4502 ltprseesiioudes
1473 4431 1643 4510 Equluoxts

203 4509 207 4518 '
242 4513 304 4588 (b)
324 4505 436 4570 L'Hlst.
454 4506 491 4564 de
506 4503 633 4564 L'Acad.
651 4501 687 4560 de
701 4499 799 4560 Berlin
817 4497 887 4560 Vol.
908 4517 932 4559 r.
948 4517 1015 4578 pag.
1033 4507 1080 4580 38.
1646 4481 1652 4500 '

205 4605 210 4612 '
241 4597 296 4674 (a)
320 4585 443 4665 Bradiep
458 4588 489 4646 iu
505 4582 633 4646 aberret
647 4593 680 4644 to
694 4579 745 4644 ibe
757 4575 826 4644 Bari
841 4576 878 4642 oi
888 4579 1099 4646 Mactsestield.

970 4737 1052 4836 Ka
