4538 6072
592 3017 775 3116 proprium.

580 399 633 486 70
793 319 1560 454 .1>·n>n'o''ed‚1⁶ssnreoms
1599 335 1685 434 os
1717 337 1952 445 ntos'u

581 562 695 642 timum
712 563 819 656 potuit
837 553 901 624 else
921 541 1090 646 primin,
1112 545 1166 620 vel
1180 543 1434 618 intermedium:
1477 542 1515 614 In
1536 545 1712 636 tempore,
1743 532 1855 638 quoad
1878 549 2028 623 ordinem
2046 551 2114 625 suc·

582 663 750 744 cessionis,
775 656 924 726 locantur
945 645 1102 720 universa.
1135 654 1139 667 '
1210 654 1215 676 ¹
2119 667 2124 678 ·

634 773 668 870 §-
694 761 955 841 CLXXXVIII.
981 759 1014 829 Si
1030 759 1254 848 conpriarnus
1274 753 1431 848 punilum
1456 751 1727 828 Mathematicum
1748 778 1841 830 motu
1863 760 1997 852 simplici
2011 785 2119 855 aeque·

584 873 694 944 biliter
711 867 831 950 fluere,
856 863 976 955 tesiam
996 857 1113 926 lineam
1131 853 1309 938 describet,
1334 875 1408 946 quae
1433 851 1582 945 Tempus
1600 854 1827 945 repraesentere
1843 861 1986 948 poterit:
2014 859 2118 954 Hujus

588 970 682 1041 lrreae
711 960 884 1058 longitudo
913 958 1066 1028 summam
1090 955 1246 1023 omnium·
1261 970 1504 1020 momentorum
1525 947 1889 1044 Temporis-exponet:
1922 957 2120 1049 potestque,

587 1066 687 1137 veluti
712 1061 882 1150 Tempus,
908 1054 1031 1125 infinite
1047 1053 1080 1120 in
1106 1064 1214 1142 partes
1236 1047 1335 1122 dividi
1354 1071 1363 1116 :
1395 1049 1607 1140 quamobrem
1624 1050 1658 1117 in
1682 1051 1851 1140 posterum
1872 1051 2021 1144 Tempus
2038 1059 2128 1147 saepe

589 1185 655 1256 ope
677 1161 770 1232 lineae
786 1151 1032 1252 dessgnabimus.
1125 1240 1128 1254 ῃ
1839 1165 1848 1180 ·

639 1271 671 1366 p.
696 1259 926 1341 CLXXXIX.
954 1257 1072 1328 lllotus
1087 1256 1182 1326 unius
1197 1257 1346 1348 corporis
1358 1257 1396 1325 in
1411 1253 1570 1328 Universo
1592 1279 1661 1330 non
1677 1259 1763 1330 bene
1780 1259 1909 1332 definiri
1919 1255 2049 1353 potest,
2066 1265 2123 1336 nili

591 1374 701 1442 animo
718 1356 1133 1453 conceperinrus'Spatium
1158 1354 1305 1426 constare
1331 1375 1372 1424 ex
1399 1355 1569 1446 partibus:
1610 1360 1685 1447 quia
1707 1377 1815 1429 autem
1842 1359 1989 1452 Spatium
2017 1383 2125 1434 revera

592 1489 661 1560 non
683 1463 899 1554 componitur
908 1476 949 1526 ex
964 1454 1130 1545 partibus,
1156 1455 1204 1522 uti
1217 1452 1311 1543 supra
1329 1454 1361 1522 in
1388 1449 1419 1548 s.
1451 1451 1529 1524 166.
1553 1454 1693 1524 evidlum
1712 1455 1785 1539 ell,
1818 1477 1914 1527 erunt
1930 1476 2037 1550 partes
2058 1479 2127 1532 tan·

593 1587 661 1636 tum
688 1559 906 1655 imaginarie:
942 1551 1058 1625 Motm
1077 1548 1255 1644 Absolutus
1268 1547 1439 1621 vocabitur
1462 1549 1520 1620 fibi
1536 1548 1712 1632 succedens
1733 1552 1899 1624 existentia
1921 1559 2070 1648 corporis
2093 1561 2127 1630 in

593 1664 738 1755 pertibus
758 1655 858 1745 Spatii
884 1649 1080 1744 imaginariis
1095 1644 1135 1716 dt
1150 1649 1394 1738 adjacentibus:
1421 1647 1495 1718 Sive
1511 1647 1692 1720 Tmnssono
1709 1653 1859 1742 corporis
1882 1643 2030 1745 experte
2044 1647 2125 1746 Spa'·

595 1763 630 1828 tii
644 1764 676 1828 in
692 1755 891 1848 adjacentem
909 1766 1045 1838 partem.
1071 1744 1146 1813 Sive
1162 1743 1323 1815 tonnano
1339 1747 1371 1814 in
1387 1743 1561 1816 intervallis
1571 1769 1580 1814 t
1590 1745 1847 1837 Comperithaee
1863 1749 2011 1822 delinitio
2020 1755 2129 1823 motui

593 1853 836 1948 corporiscirca
845 1845 1006 1916 Centrum
1020 1839 1072 1912 vel
1081 1842 1212 1913 Axinin
1227 1841 1403 1914 rotundum
1413 1841 1513 1924 -verii,
1522 1839 1614 1934 quod
1628 1843 1869 1935 etiemfiquoed
1882 1866 1983 1920 totam
1997 1849 2127 1924 massam

593 1977 663 2026 non
672 1949 779 2022 transit
796 1959 836 2016 err
846 1937 959 2034 Spatio
974 1944 1012 2010 ln
1023 1937 1190 2031 Spatium,
1204 1937 1417 2012 nihilominus
1428 1945 1578 2032 corporis
1589 1961 1696 2032 partes
1708 1941 1882 2033 ex'Spttio'
1896 1947 1928 2016 ln
1944 1946 2031 2020 eliud
2043 1945 2130 2039 adja-

592 2069 671 2124 cens
687 2047 832 2138 Spetium
858 2041 890 2109 sc
904 2041 1092 2130 excipiunt,
1117 2039 1151 2108 in
1171 2055 1262 2128 porte
1276 2038 1376 2129 Spatii
1390 2037 1540 2109 rotundo.
1592 2038 1655 2109 Vel
1671 2041 1916 2131 ponentrnorus
1938 2043 2006 2114 hoc
2026 2046 2130 2116 modo

551 2169 554 2179 ¹
591 2149 736 2237 concipi.
760 2142 831 2214 Sint
842 2139 912 2209 duo
929 2136 1129 2228 corporari.
1138 2132 1234 2205 ’δι-Β.
1257 2132 1483 2227 ediscendo&
1497 2133 1712 2228 quiescentis,
1737 2137 1804 2208 srve
1826 2141 1860 2209 io
1884 2133 2000 2210 eodem
2022 2142 2132 2226 loco,
2244 2195 2245 2220 2

594 2269 629 2416 i
649 2235 926 2411 XXXIX}
942 2229 1264 2419 “XXXIX
1277 2233 2134 2423 spississimislisinis

595 2439 757 2528 Corporis
778 2433 812 2501 Α
830 2446 872 2497 ex
889 2445 979 2516 parte
992 2428 1124 2513 spatii,
1149 2444 1247 2512 quern
1268 2427 1484 2513 occupabat,
1517 2429 1556 2528 in*
1574 2425 1757 2514 adiacenoes
1779 2448 1897 2513 partes.
1928 2428 1989 2496 Est
2014 2429 2067 2496 hie
2084 2431 2136 2496 so.

595 2537 646 2607 lus
679 2530 714 2602 u
736 2546 829 2598 venre
855 2523 1008 2612 corporis
1025 2535 1163 2604 motos,
1198 2521 1256 2608 qui
1280 2519 1372 2590 fimus
1404 2535 1484 2589 cum·
1501 2519 1664 2590 eeleritate
1693 2519 1966 2613 cognosoeretur,
1992 2521 2137 2612 spartes

596 2632 699 2722 Spatii
719 2631 750 2695 in
768 2620 874 2692 sensus
890 2622 1116 2695 incurrerent,
1142 2633 1204 2684 aut.
1220 2615 1241 2682 li
1260 2614 1365 2684 Terra
1383 2615 1584 2703 quiesceret:
1617 2617 1680 2684 huc
1696 2637 1808 2686 aurem
1832 2620 1865 2688 in
1881 2620 1988 2690 orbita
2008 2617 2138 2710 Ellipti·

595 2727 636 2798 cn
665 2738 825 2813 perpetuo
849 2709 1032 2802 promoti,
1051 2761 1054 2766 .
1071 2707 1284 2778 Terreslrlurn
1313 2727 1493 2799 corporum
1508 2728 1633 2780 ‘motus
1656 2712 1847 2783 nonodeo.
1868 2709 1954 2786 clare
1982 2717 2138 2812 cognosci

597 2818 729 2915 potell:
754 2813 845 2883 Ilinc
870 2827 939 2877 non
954 2803 1041 2874 malo
1058 2803 1197 2875 confilio
1214 2803 1405 2894 Philosophi
1428 2825 1554 2876 motum
1577 2807 1744 2896 tripliciter
1758 2809 1979 2884 dillinnerunt.
2025 2835 2072 2884 ιο.
2100 2813 2136 2884 ln

599 2915 823 3012 Absolutum,
854 2925 954 2994 quem
975 2900 1191 2974 delinlvimus.
1244 2921 1295 2971 2⁰.
1321 2899 1358 2972 In
1380 2903 1538 2976 Relative
1561 2925 1766 2977 communem.
1809 2926 1877 2997 ..gn
1912 2909 1951 2981 1„
1980 2913 2138 2986 Rerum,

638 3131 683 3222 '§.
708 3118 963 3200 cxc.··Mrros
978 3115 1120 3188 relativo
1140 3113 1314 3185 communis
1332 3130 1487 3199 vocatur,
1513 3113 1646 3204 quando
1670 3130 1791 3204 corpus
1815 3135 1880 3185 una
1902 3137 1978 3190 cum
1998 3123 2071 3192 alis
2083 3123 2141 3195 de·
2245 3145 2246 3182 r

600 3232 723 3314 latum,
746 3223 867 3293 horum
885 3215 1031 3306 respestu
1054 3213 1195 3282 eundern
1220 3213 1319 3280 situm
1332 3211 1458 3298 servat,
1483 3229 1581 3300 atque
1597 3213 1641 3284 ite
1655 3211 1988 3303 quiescerendetur,
2021 3217 2078 3290 secl
2098 3228 2142 3292 ta*-
2245 3203 2246 3214 ἶ

601 3349 680 3399 men
701 3344 777 3394 cum
793 3321 843 3387 his
859 3311 1052 3404 corporibus
1069 3331 1134 3380 una
1151 3308 1263 3378 mansit
1280 3311 1340 3398 pei
1356 3309 1457 3393 vesias
1472 3309 1573 3399 Spatii
1593 3311 1776 3381 universalis
1798 3330 1904 3400 portes
1922 3316 2139 3410 imaginarios:

604 3420 692 3516 quali
715 3431 809 3488 motu
831 3423 956 3492 nauta,
973 3407 1145 3499 tranquiIle
1161 3405 1280 3477 'sedens
1300 3409 1335 3475 in
1353 3429 1434 3478 nave
1451 3425 1551 3480 vurto
1565 3406 1658 3490 oili,
1681 3406 1833 3494 vehitur:
1863 3429 1918 3480 sut
1932 3433 2000 3502 quo
2017 3421 2142 3500 omnia,

605 3543 684 3612 quae
700 3515 771 3587 suist
786 3515 821 3583 in
832 3499 949 3580 Terrae
962 3505 1131 3598 superficIe
1150 3553 1162 3588 ,
1181 3506 1273 3574 ciret
1297 3503 1412 3575 Terrae
1435 3509 1510 3575 axin
1532 3523 1627 3574 motu
1647 3505 1765 3576 diurno
1785 3555 1796 3589 ,
1832 3507 1884 3577 vel
1899 3517 2037 3600 quoque
2055 3517 2143 3583 circe

605 3617 719 3692 Solem
739 3627 832 3683 motu
849 3627 960 3677 annuo
973 3621 1165 3675 vertuntur:
1190 3604 1246 3672 'aut
1261 3621 1329 3690 quo
1350 3621 1497 3672 mortuus
1518 3601 1613 3690 piscis
1635 3623 1698 3672 una
1722 3623 1798 3672 cum
1821 3601 1956 3677 llunrine
1969 3609 2142 3701 abripitur.

655 3729 687 3828 §.
713 3723 842 3801 CXCI.
866 3723 985 3796 Motus
1007 3719 1149 3791 relative
1159 3718 1311 3810 proprius
1329 3715 1375 3783 est
1390 3714 1446 3786 srbi
1471 3715 1646 3785 succedens
1669 3718 1845 3804 applicatio
1867 3727 2014 3811 corporis
2036 3728 2078 3796 ad
2095 3725 2140 3795 di.

605 3827 710 3903 ¹uersus
734 3843 841 3916 partes
863 3838 1042 3910 corporum
1067 3814 1253 3884 innnediate
1278 3813 1516 3896 ambientium,
1548 3831 1604 3880 eut
1625 3815 1886 3905 contingendum
1916 3837 1924 3881 :
1966 3818 2034 3885 hoc
2052 3841 2141 3893 mom

605 3925 683 4000 ferri
699 3921 849 3994 eldentur
868 3919 965 3986 nobis
980 3915 1089 3984 omnin
1104 3927 1219 4001 ,quae
1238 3913 1270 3979 in
1288 3909 1349 3977 hnc
1369 3907 1472 3977 Terra
1490 3909 1615 3979 moveri
1636 3909 1793 3982 dicimus:
1809 3910 1852 3976 ite
1872 3909 2016 4003 projecto
2032 3919 2099 4007 pila
2113 3923 2141 3988 5„

606 4021 692 4098 solo
704 4020 827 4091 currit:
859 4035 896 4085 ut
916 4008 1069 4083 &homo
1086 4014 1120 4080 in
1134 4010 1286 4078 arboreto
1303 4005 1462 4095 spatiatus.

659 4133 692 4222 §.
718 4127 865 4203 CXCII.
890 4129 998 4230 Qies
1018 4125 1165 4222 absoluto
1180 4123 1225 4194 cst
1240 4123 1406 4194 existentia
1419 4122 1632 4207 continuent,
1664 4138 1720 4191 aut
1742 4117 1973 4214 perseverantia
1995 4131 2142 4220 eorporis

608 4233 645 4302 in
665 4229 779 4300 iisdem
801 4226 946 4318 partibus
962 4227 1063 4317 Spatii
1086 4221 1278 4294 universalis.

578 4365 584 4377 ·
661 4341 693 4440 ᾗ.
718 4341 879 4414 CXCIII.
906 4341 1070 4432 Adeoque
1091 4339 1207 4430 quietis
1229 4337 1408 4428 proprietas
1431 4331 1503 4415 est,
1537 4350 1676 4421 corpora
1699 4347 1776 4402 vere
1796 4329 1991 4421 quiescentia
2004 4333 2090 4402 Inter
2112 4327 2140 4400 se

608 4441 800 4533 'quiesceres
835 4437 1003 4535 Quoniam
1018 4457 1126 4508 autern
1147 4433 1292 4526 Spatium
1317 4426 1385 4503 non
1408 4433 1541 4501 Incurrit
1560 4431 1592 4497 in
1610 4426 1744 4512 Sensus,
1771 4422 1921 4519 &Spurii
1944 4447 2050 4516 partes
2076 4429 2142 4500 sunt

614 4557 741 4612 tantum
767 4539 961 4636 Imaginariae
983 4588 995 4620 ,
1036 4533 1104 4604 sciri
1125 4527 1262 4625 nequ'it,
1302 4553 1342 4602 an
1365 4549 1505 4619 corpora
1523 4530 1555 4597 in
1574 4528 1688 4598 iisdem
1710 4527 1852 4618 partibus
1868 4523 1969 4617 Sputii
1982 4543 2140 4596 maneant.

604 4635 700 4712 Fieri
711 4636 819 4734 potest
840 4657 877 4710 ut
892 4655 1013 4730 corpus
1033 4633 1169 4728 aliquod
1186 4634 1222 4732 ln
1239 4630 1426 4730 regionibus
1438 4626 1622 4712 fixarum,
1660 4641 1715 4694 eut
1738 4621 1846 4718 longe,
1858 4621 1965 4708 olera,
1998 4623 2140 4694 obsolute

1271 4761 1276 4792 ι
1326 4771 1331 4779 -
2052 4739 2140 4812 qure-
