4546 6080
532 319 629 402 206.
729 309 862 398 DE
947 311 987 392 0
1036 308 1147 392 S·C
1194 308 1213 392 1
1263 307 1302 390 L
1352 305 1563 406 has,
1611 303 1875 400 Isoral:

541 509 659 582 letatur
675 504 1004 600 pendrdnmserreum
1029 501 1133 591 AC,
1156 501 1231 594 plus
1256 498 1403 572 dilatamr
1428 519 1519 574 aenea
1541 503 1631 596 virga
1653 499 1757 588 BD,
1782 519 1856 594 qua
1881 501 1999 577 attollit
2008 503 2076 580 ser·

542 627 630 678 ream
648 609 775 697 pentem
800 600 883 686 SO,
908 601 992 672 adeo
1014 621 1051 672 ut
1064 597 1181 674 lensO
1199 597 1361 684 elevetur,
1386 619 1543 690 quantum
1567 597 1788 675 descendilset.
1815 599 1927 674 Aliam
1944 602 2072 676 metho-

541 701 621 790 dum
643 701 789 772 exhibuit
813 698 939 770 Ellicot
964 697 985 794 (
1025 697 1061 793 ).

589 815 621 913 s.
645 813 895 888 DCLXXVII.
919 814 1095 908 Quoniam
1117 817 1162 888 ab
1186 814 1386 907 experientia
1402 811 1524 897 didici,
1547 812 1691 913 Lignum
1705 815 1847 888 ebenum
1867 819 2073 908 antiquuma

538 915 647 988 calore
673 909 709 983 dr
732 913 853 1010 frigore
878 916 931 986 vix
955 914 1070 1002 affici,
1103 915 1231 1006 opinari
1258 911 1341 1001 caepi
1363 931 1404 980 ex
1428 908 1587 1002 ejunnodi
1615 913 1706 1008 ligno
1726 913 1906 1004 pendulum
1936 913 2075 1005 amplez

538 1010 824 1104 praeliantiffimum
854 1011 924 1082 fieri
955 1011 1069 1106 posse,
1093 1011 1197 1084 modo
1224 1012 1267 1082 ab
1295 1011 1386 1080 omni
1405 1029 1498 1098 parte
1517 1011 1624 1100 probe
1645 1009 1821 1082 obliniatur
1844 1013 2003 1098 vemlce,
2029 1027 2075 1080 ne

539 1108 660 1181 humor
683 1111 765 1182 aeris
789 1113 936 1202 irrepat,
968 1111 1061 1203 quod
1086 1113 1120 1181 in
1145 1108 1301 1200 majorem
1330 1105 1570 1201 longitudinem
1601 1106 1827 1198 produceret,
1859 1107 2014 1180 &mutan
2037 1129 2075 1178 e·

533 1209 605 1281 nim
629 1207 801 1279 breviatur.
850 1205 983 1280 Dicitur
1008 1207 1115 1279 Ridot
1138 1203 1318 1298 pendulum
1339 1201 1513 1294 fimplicius
1535 1202 1643 1276 secisse
1662 1203 1754 1299 (b).

588 1317 621 1418 §.
647 1316 917 1391 DCLXXVllI.
944 1317 1104 1416 Quamvis
1129 1318 1194 1390 hoc
1218 1318 1322 1390 modo
1352 1319 1469 1408 aliquis
1492 1315 1637 1390 desesiae
1661 1341 1702 1390 ex
1726 1319 1908 1418 horologiis
1933 1321 2076 1394 subintus

540 1415 611 1504 sit,
643 1437 753 1488 maaet
775 1415 884 1488 adhuc
914 1417 1023 1504 alius,
1054 1420 1111 1510 qui
1137 1416 1285 1490 nondum
1311 1415 1481 1486 innostro
1505 1415 1628 1510 Belgio
1654 1417 1725 1490 tolli
1750 1422 1869 1508 potuit.
1922 1420 2015 1492 lives
2038 1415 2075 1490 dr

541 1514 658 1588 dentes
688 1533 831 1588 rotarum
865 1512 1042 1587 necessario
1074 1513 1144 1586 sunt
1169 1513 1317 1609 ungendi
1354 1511 1460 1598 oleo,
1494 1532 1531 1584 ut
1561 1513 1705 1586 lubricus
1734 1515 1772 1585 fit
1803 1535 1919 1590 eorum
1946 1537 2076 1590 motus:

540 1611 666 1685 Oleum
686 1615 801 1684 recerls
822 1611 870 1684 est
894 1613 928 1682 in
949 1614 1113 1704 principio
1151 1613 1306 1689 tenuius,
1339 1606 1622 1682 &lubricitatem
1645 1611 1804 1703 majorem
1829 1617 1982 1687 conciliat
2006 1617 2076 1686 axi·
2114 1669 2117 1676 .

445 1743 449 1750 ·
514 1707 603 1782 'bus
629 1706 665 1780 ἃ
686 1707 873 1792 cheloniis,
906 1730 1004 1798 quarn
1035 1709 1110 1802 post
1140 1707 1225 1780 duos
1250 1707 1302 1780 vel
1327 1726 1392 1784 tres
1415 1705 1567 1792 menses,
1602 1710 1736 1799 quando
1760 1711 1940 1784 subtiliores
1965 1731 2077 1804 partes

540 1805 731 1889 avolarunt,
756 1801 792 1874 dr
811 1805 960 1895 quaedam
992 1805 1113 1878 metalli
1136 1826 1243 1897 partes
1265 1805 1390 1875 detrita
1414 1803 1637 1896 reliquo-oleo
1652 1805 1723 1878 sunt
1738 1806 1900 1878 admirare.
1928 1830 1981 1881 ιο.
1995 1807 2079 1898 hye-

540 1923 596 1974 me
612 1905 631 1974 i
646 1901 771 1998 [rigore
779 1901 959 1993 inspissamr
968 1903 1102 1990 oleum,
1129 1902 1168 1977 dr
1182 1901 1331 1974 saeviente
1355 1900 1434 1997 gelu
1457 1901 1668 2000 congelant,
1692 1903 1760 1977 hoc
1776 1924 1852 1976 anes
1866 1909 1977 1976 messit
2001 1925 2082 1980 curn

541 1995 777 2082 foraminibus,
800 1993 992 2078 &totamm
1011 2001 1125 2073 dentes
1138 2021 1216 2074 cum
1233 1999 1409 2080 dentibus,
1434 1999 1520 2079 adeo
1544 2019 1581 2070 ut
1605 1999 1791 2096 Horologin
1815 2005 1849 2074 in
1874 2001 1983 2094 aspera
2000 2003 2084 2094 hye-

541 2117 597 2170 rne
622 2099 763 2191 primum
788 2097 1018 2183 retardentur,
1048 2098 1168 2180 deinde
1197 2095 1328 2189 prorsus
1360 2095 1506 2190 srllmprr
1529 2093 1566 2170 br
1588 2097 1767 2191 quiescant.
1816 2099 1944 2171 Contra
1969 2101 2082 2174 aellate

541 2189 652 2296 oleum
681 2193 728 2265 est
754 2197 883 2266 tenuius
913 2191 1070 2292 &magis
1103 2194 1293 2276 lubricum,
1325 2190 1573 2287 facilioremque
1606 2199 1687 2268 rotis
1718 2191 1755 2266 dr
1786 2199 1901 2270 aribus
1925 2201 2083 2272 concedit

540 2313 687 2366 motum:
719 2291 798 2363 ideo
818 2312 947 2385 tempus
968 2295 1097 2388 integro
1125 2294 1203 2364 anni
1229 2289 1366 2364 decursu
1391 2289 1458 2368 huc
1480 2313 1585 2383 usqne
1610 2291 1702 2364 nullo
1726 2292 1903 2391 horologio
1927 2315 2082 2370 accurate

422 2470 424 2478 ,
506 2467 509 2472 ,
541 2379 717 2490 r'nensurari
741 2391 878 2479 potuit,
912 2410 975 2460 nec
999 2389 1071 2480 spes
1104 2389 1211 2460 estin
1241 2411 1258 2459 r
1301 2386 1431 2462 'onibus
1464 2387 1589 2484 fiigidis
1612 2389 1760 2461 adversus
1783 2391 2083 2483 lruncdefesium,

542 2487 601 2575 pist
625 2507 676 2556 ars
694 2487 836 2580 inveniat
855 2486 1117 2581 pinguedinem,
1143 2507 1218 2578 que
1241 2509 1270 2558 a
1298 2504 1351 2556 ate
1370 2477 1407 2554 dr
1431 2481 1550 2574 hyeme
1575 2506 1670 2578 nque
1686 2484 1819 2560 ltrbcica
1840 2509 1991 2577 maneat,
2025 2513 2084 2568 aur
2151 2543 2153 2546 -

540 2581 753 2684 horologium
773 2584 806 2652 in
831 2579 909 2654 loco
928 2581 1054 2674 seraper
1080 2604 1175 2673 aeque
1198 2581 1307 2654 calido
1328 2581 1478 2652 serretur.
1817 2614 1824 2627 ‹

589 2695 623 2780 ὅ.
650 2689 924 2764 DCLXXIX.
949 2688 1096 2784 Quando
1113 2690 1181 2760 sola
1199 2693 1343 2781 pendula
1377 2689 1502 2781 absque
1526 2692 1706 2788 horologio
1731 2697 1944 2789 oscillnmur,
1976 2701 2083 2778 solent

541 2787 691 2880 suspendi
713 2790 746 2858 in
766 2787 862 2867 aere,
886 2805 955 2856 non
976 2790 1011 2858 in
1032 2806 1158 2856 vacuo:
1179 2787 1224 2856 ab
1241 2789 1325 2858 airis
1339 2783 1518 2856 resistentia
1541 2805 1650 2858 antam
1674 2792 1901 2884 retardantur,
1926 2801 2082 2895 adeoque

543 2883 724 2980 pendulum
742 2881 762 2951 i
780 2881 922 2970 quadam
944 2881 1115 2954 altitudine
1128 2881 1329 2965 dimissum,
1359 2883 1395 2951 in
1418 2880 1572 2952 descensu
1595 2883 1804 2970 retardetur,
1829 2911 1866 2960 ut
1890 2893 2012 2967 tardius
2037 2899 2084 2970 ad

543 2984 638 3056 fitum
666 2975 969 3072 perpendicularem
993 2979 1188 3068 pervenisti
1220 2981 1255 3050 ἦ
1282 2975 1468 3068 ⁰l³P0fi¹²¹¹²
1489 2995 1615 3067 partem
1641 2977 1772 3076 surgens
1795 2985 1912 3058 iterum
1938 2994 2082 3062 retarda-

546 3101 629 3160 tur,
663 3073 760 3150 &ad
786 3076 948 3166 minorem
968 3073 1174 3146 altitudine·
1205 3074 1396 3161 adscendit,
1429 3073 1612 3146 breviorem
1635 3095 1746 3148 arcum
1771 3101 1990 3172 percurrens,
2017 3086 2080 3159 ‘sed

545 3195 644 3272 quem
666 3176 809 3250 breviori
833 3193 980 3265 tempore
1001 3170 1158 3265 perlicit,
1192 3193 1261 3266 quo
1291 3172 1424 3256 evenit,
1457 3189 1496 3242 ut
1519 3189 1669 3265 tempora
1692 3173 1862 3249 descensus
1888 3177 1925 3251 ἃ
1949 3181 2081 3256 adrem.

548 3277 601 3350 sus
622 3296 691 3348 non
716 3274 776 3344 lint
801 3271 954 3364 aequalia:
979 3289 1120 3344 attamen
1143 3272 1279 3385 integre
1301 3267 1518 3340 oscllladones
1543 3273 1981 3368 utcunquesuntrequales,
2005 3301 2082 3352 mo.

532 3394 623 3459 ,rant
649 3365 817 3441 descensus
844 3366 1076 3458 compensante
1106 3369 1228 3440 nrinorr
1257 3365 1428 3452 adscensu,
1451 3367 1508 3457 qni
1526 3365 1664 3440 celerius
1688 3367 1865 3460 perficitur.
1886 3406 1892 3418 ·
1916 3373 1998 3472 Quo
2022 3381 2081 3454 aer

342 3407 345 3424 Ι
442 3479 447 3492 ·
551 3465 680 3542 crassior
692 3463 778 3550 eli,
802 3466 905 3560 magis
923 3463 1036 3536 resilit
1058 3463 1262 3558 remrdrrqtre
1286 3463 1468 3558 pendulum
1486 3509 1504 3549 ,2
1522 3483 1620 3556 quam
1644 3468 1702 3538 ιιέι·
1724 3470 1853 3541 rarior:
1886 3471 1963 3544 ideo
1982 3474 2083 3548 Bou·

440 3637 445 3650 ,
551 3565 683 3666 gaerius
707 3563 828 3635 invenit
857 3563 893 3632 in
919 3563 1039 3634 vertice
1059 3565 1181 3636 montis
1205 3561 1393 3647 Pichinca,
1426 3565 1546 3657 2434l
1569 3561 1752 3656 marpedas
1775 3565 1868 3656 alto,
1901 3573 2084 3662 pendulum

550 3660 645 3756 guod
669 3661 704 3732 in
727 3679 838 3730 arcum
857 3657 1000 3731 duorum
1020 3659 1181 3750 pollicum
1204 3659 1341 3732 oscillrri
1366 3656 1596 3752 inchoaverat,
1623 3660 1697 3752 post
1724 3685 1770 3758 aa
1793 3665 1846 3736 vel
1873 3687 1931 3760 23.
1955 3673 2085 3746 minuta

551 3757 747 3836 retardatum
765 3753 888 3842 salise,
918 3775 955 3828 ut
978 3755 1082 3828 modo
1112 3774 1224 3829 arcum
1257 3758 1353 3829 unius
1382 3754 1512 3847 pollicis
1535 3761 1754 3846 percurrerit:
1784 3761 1873 3834 idem
1898 3768 2085 3856 pendulum

551 3859 589 3946 in
611 3856 721 3935 littore
737 3855 864 3936 marino
887 3853 963 3946 post
992 3875 1036 3946 14
1054 3851 1106 3925 vel
1128 3875 1190 3948 ις.
1214 3851 1338 3926 minuta
1361 3854 1431 3948 pari
1449 3851 1559 3924 modo
1576 3851 1674 3925 soille
1698 3858 1922 3949 retardatum,
1946 3867 2024 3955 quia
2054 3871 2091 3942 in

551 3955 666 4040 littore
689 3953 745 4024 aer
768 3950 875 4025 multo
905 3951 1058 4037 densior,
1081 3973 1189 4044 quam·
1206 3955 1241 4024 in
1262 3953 1385 4026 vertice
1399 3952 1530 4022 montis
1547 3949 1661 4023 suerat.

604 4067 637 4167 s.
661 4065 877 4140 DCLXXX·
899 4066 983 4138 Sunt
1007 4067 1114 4140 adhuc
1138 4068 1212 4142 alie
1235 4067 1358 4162 species
1390 4065 1610 4160 pendulorum
1636 4073 2083 4169 compositorum,.quorura

554 4177 706 4240 cennurn
727 4162 941 4256 suspensionis
961 4185 1031 4236 non
1052 4165 1098 4236 eli
1128 4168 1162 4239 in
1184 4167 1287 4239 altero
1307 4186 1476 4250 extremo,
1500 4165 1549 4235 uti
1563 4165 1742 4258 hucusque
1765 4173 1988 4261 consideravi,
2029 4177 2084 4249 sed

554 4265 594 4337 br
615 4261 929 4348 locointermedio,
957 4261 1042 4336 adeo
1062 4281 1101 4336 ut
1122 4265 1165 4337 ab
1186 4264 1324 4358 utrique
1344 4283 1436 4360 parte
1458 4267 1562 4339 centri
1580 4283 1690 4338 monas
1706 4253 1816 4367 gravii
1838 4271 1899 4346 snt
1917 4275 2082 4365 appensa,

713 4415 719 4424 .
810 4410 815 4424 ·
1073 4405 1076 4412 ,
1900 4369 2081 4443 '‘velu-

552 4497 655 4620 ab)
672 4537 844 4622 Philosoph.
870 4545 1021 4610 annana.
1044 4545 1114 4611 Vol.
1133 4562 1182 4622 47.
1202 4564 1267 4629 pag.
1284 4563 1351 4622 479.
1846 4623 1851 4632 ¹

597 4621 796 4704 (illoarnal
817 4619 1013 4694 deessem!
1034 4627 1591 4714 A·.115ss38mb.ffiag.igog„ss
1629 4630 1632 4638 '
1684 4675 1689 4684 ,
1846 4670 1851 4678 ,
