4538 6072
532 337 619 422 red·
901 329 1731 426 Mucflnutcns

524 551 562 602 ut
577 531 662 602 aetio
688 529 757 624 ejus
777 526 910 600 musculi
934 524 1134 601 diverfissitnt
1159 521 1224 596 ess'e
1239 524 1396 598 debuisset
1416 527 1449 598 in
1476 528 1643 600 movendo
1665 527 1819 606 humero:
1842 553 1922 630 quae
1949 535 2064 610 erdem

532 649 622 700 nuuc
635 625 703 712 est,
727 641 826 716 prout
838 645 858 694 a
871 643 983 697 natum
1001 625 1051 697 est
1071 626 1157 696 circa
1173 623 1345 696 humerum
1375 625 1629 718 circumpodtus.

578 723 657 814 Ope
675 719 923 810 Musculorutu,
942 725 1025 795 redii
1044 724 1149 796 tertiae
1168 718 1287 814 speciei
1304 719 1495 804 suffixorum,
1513 743 1599 794 ortus
1620 725 1756 800 multum
1775 735 1901 803 moveri
1915 728 2066 824 poss'unt,

527 819 631 891 formd
656 819 804 910 corporis
835 821 967 892 externi
998 823 1052 894 vix
1072 817 1225 906 munti,
1262 817 1347 892 odeo
1372 839 1408 891 ut
1429 815 1617 910 pulcritudo
1643 845 1710 894 non
1731 825 1920 913 decrescat,
1954 847 2070 919 quem·

382 934 519 1000 'faovi
529 918 575 988 vis
596 933 684 987 artus
697 914 906 990 vehementer
919 935 1125 992 moveantur:
1141 935 1205 990 uec
1236 935 1302 1008 ope
1323 917 1423 988 vedis
1448 935 1557 989 motus
1578 922 1686 1016 magni
1709 944 1728 992 a
1750 926 1964 1016 potentiavix
1977 942 2071 998 motu
2171 945 2177 956 ’

382 1027 483 1113 ΗΜ,
526 1012 641 1107 perfici
662 1011 811 1106 possunt,
837 1014 895 1086 nisr
919 1018 1019 1088 vetiis
1043 1017 1082 1087 fit
1097 1015 1203 1088 tertiae
1223 1012 1352 1107 speciei.
1398 1057 1402 1068 ·

573 1123 605 1222 d.
638 1122 938 1200 CCCCXXXHI.
968 1123 1003 1196 Si
1033 1125 1132 1195 tediis
1157 1119 1226 1193 BC
1251 1120 1390 1192 fulcrum
1414 1118 1452 1190 fit
1474 1125 1507 1192 in'
1534 1120 1594 1206 C,
1618 1116 1655 1192 dt
1676 1123 1815 1196 ttnhstur
1831 1141 2009 1197 exmemum
2039 1123 2071 1198 B

526 1224 759 1296 direiiionibus
770 1220 915 1313 obliquis
930 1219 1018 1307 BE,
1041 1216 1132 1305 BG,
1156 1238 1292 1309 quarum
1307 1221 1467 1310 potentiae
1485 1219 1546 1290 first
1556 1221 1591 1290 in
1606 1219 1814 1310 aequilibrio,
1832 1239 1900 1291 turn
1916 1219 2077 1294 facillime

525 1321 765 1436 magnitudines
785 1317 899 1434 hurum
920 1320 1141 1432 potentiarum
1164 1317 1438 1400 determinantur,
1463 1335 1524 1408 per
1543 1319 1703 1410 pundium
1723 1318 1752 1388 B
1775 1317 1927 1390 ducendo
1953 1317 2072 1393 DBA

524 1410 1830 1608 suususnditnussustinuimus&
1844 1415 2073 1602 iiiiii*
2173 1495 2175 1503 ι

417 1621 423 1638 ’
524 1616 561 1686 in
583 1613 616 1684 E
631 1623 673 1674 Ξ
705 1611 790 1685 ΑΕ.
815 1611 967 1702 adeoque
991 1629 1087 1684 erunt
1102 1611 1263 1701 potentiae
1286 1612 1333 1680 oti
1346 1606 1382 1679 D
1396 1607 1432 1679 G
1444 1609 1487 1680 od
1508 1606 1592 1680 ΑΕ.
1610 1605 1784 1704 Quatenus
1805 1613 1893 1686 enim
1904 1616 2069 1704 potentiae

525 1708 558 1780 se
578 1709 706 1782 tmhunt
724 1709 957 1781 disertioribus
977 1705 1135 1800 oppofitis
1164 1705 1255 1791 uA,
1282 1703 1355 1776 BD
1383 1705 1588 1798 aequalibus,
1614 1707 1647 1778 se
1670 1705 1858 1794 destruunt,
1884 1731 1965 1806 ergo
1995 1711 2071 1786 BC

277 1863 281 1880 .
525 1809 626 1878 vedis
638 1805 797 1898 quiescet:
818 1805 872 1876 sed
887 1809 1048 1898 potentiae
1063 1803 1194 1876 trahunt
1210 1804 1444 1876 diredionibus
1462 1801 1559 1889 BG,
1584 1801 1674 1888 BE,
1700 1824 1779 1895 quae
1809 1807 2074 1896 producunture

381 1905 736 2004 T2ffltrudionibus
758 1900 852 1992 BD,
867 1901 967 1989 DG,
991 1899 1027 1974 dt
1050 1925 1068 1973 a
1091 1902 1186 1988 BA,
1201 1899 1285 1974 ΑΒ.
1317 1899 1384 1972 Sed
1405 1903 1470 1973 hoc
1483 1899 1601 1976 clarius
1614 1899 1831 1999 inteliigemr,
1854 1901 2071 1996 posteaquam

381 2043 442 2122 mg·
459 2057 490 2118 4·
525 2001 673 2076 dodirinu
686 2001 729 2074 de
750 2021 844 2075 motu
870 2001 1055 2094 cotnpofito
1074 2000 1109 2071 in
1129 1999 1213 2092 Cap.
1237 1997 1289 2070 XI
1313 2001 1373 2072 erit
1388 1997 1550 2092 expedito.

573 2119 607 2210 S.
630 2115 930 2191 CCCCXXXIV.
956 2117 992 2190 Si
1016 2117 1115 2190 vedis
1139 2115 1208 2188 AB
1238 2113 1379 2189 mhnnrr
1400 2115 1584 2208 spluribus
1603 2117 1835 2209 ponderibus,
1860 2141 1939 2212 quae
1959 2139 2075 2196 exva·

526 2217 584 2288 riis
605 2215 752 2334 pendent
768 2217 810 2286 ab
830 2213 1083 2330 iiypomochlio
1098 2212 1274 2300 distantiis,
1291 2208 1327 2284 δι
1342 2214 1529 2286 sustinentur
1555 2218 1735 2306 apotentie
1749 2213 1814 2304 M,
1836 2220 1957 2310 poterit
1974 2218 2075 2311 hujus

422 2425 440 2458 .·
510 2311 2078 2506 =indiuiduisduidi‘ddi’diuidsuidiuurdsiiid

529 2511 644 2580 tentiae
669 2507 724 2578 M.

401 2675 424 2684 ,,
467 2633 471 2640 ·
576 2605 667 2677 Nom
693 2605 841 2694 pondero
857 2567 961 2674 untu'
979 2629 1023 2674 z:
1044 2627 1079 2672 2.
1104 2599 1141 2672 G
1159 2602 1354 2691 =3.1=
1375 2624 1411 2688 4.
1441 2605 1475 2670 in
1499 2601 1897 2689 dirediionesponderum
1913 2604 2080 2681 ducantur

420 2775 425 2788 ,
525 2699 809 2804 perpendiculares
835 2717 877 2766 ex
901 2714 1016 2764 centro
1040 2714 1153 2765 motus
1173 2697 1230 2764 Ae
1254 2691 1293 2762 iit
1318 2691 1393 2764 ΛΚ
1415 2711 1458 2752 =
1481 2715 1517 2782 4.
1542 2693 1580 2763 fit
1610 2693 1680 2764 AF
1704 2712 1748 2760 τε
1772 2697 1805 2766 6.
1821 2695 1856 2768 ἃ
1871 2698 1944 2772 AL
1959 2723 2004 2772 ·..·.
2042 2725 2080 2799 7.

526 2816 595 2870 tum
620 2791 750 2862 Ao:
765 2809 800 2881 5.
823 2809 918 2860 erunt
936 2795 1105 2862 momenta
1122 2788 1309 2879 ponderum
1330 2805 1374 2854 ε
1399 2807 1503 2878 2’‘4·
1523 2789 1590 2878 43
1608 2811 1629 2852 x
1644 2789 1678 2858 6.
1695 2793 1732 2863 -i-
1751 2813 1810 2880 4³<
1829 2811 1865 2884 7.
1898 2805 1973 2887 quae
1998 2801 2081 2878 sunt

527 2889 600 2964 :8
619 2893 656 2962 ÷
673 2887 715 2956 18
736 2890 773 2960 ÷
795 2886 840 2958 23
857 2901 899 2942 ==
915 2904 974 2975 54.
997 2883 1071 2956 haeo
1092 2882 1215 2956 summa
1227 2881 1386 2958 dividente
1404 2903 1467 2975 per
1489 2881 1619 2955 AO:
1633 2877 1755 2974 5,'dat
1771 2884 1867 2958 ro·⁴-.
1882 2890 2082 2991 hincopor-

527 3000 576 3057 tet
588 3005 625 3057 ut
644 3001 791 3076 potenna
804 2981 848 3054 M
866 2977 904 3053 stt
921 3000 966 3056 ;.·
984 3002 1028 3054 to
1048 2975 1085 3088 ξ.
1628 3017 1633 3027 ·
1832 2961 1848 3006 ’
2077 3038 2082 3055 .

381 3085 516 3160 ΤΜῙ·
579 3100 612 3194 §.
638 3093 922 3173 CCCCXXXV.
947 3096 981 3168 Si
996 3098 1095 3168 vestu
1113 3093 1210 3166 fuerit
1220 3097 1370 3166 incurvus
1391 3093 1522 3180 ACB,
1551 3096 1586 3166 in
1603 3113 1702 3186 quem
1718 3115 1896 3187 operentur
1909 3124 2010 3192 poten
2020 3113 2078 3182 tiae

379 3188 444 3271 ΠΕ·
452 3204 482 3267 5·
526 3201 590 3290 R,
608 3199 661 3286 O,
683 3200 744 3270 erit
759 3197 856 3270 {intus
868 3193 1039 3284 aequilibrii
1053 3245 1065 3279 ,
1081 3192 1105 3263 u
1121 3190 1157 3264 R
1169 3195 1211 3263 ad
1224 3191 1279 3276 0,
1294 3195 1344 3262 uti
1362 3189 1434 3264 CE
1450 3193 1491 3262 ad
1507 3189 1610 3276 CD,
1637 3213 1713 3284 quae
1727 3195 1798 3265 sunt
1817 3199 2077 3287 perpendicula·

528 3322 581 3370 res
597 3319 638 3367 ex
654 3315 769 3366 centro
785 3311 894 3366 motus
918 3288 997 3362 Cin
1014 3291 1209 3362 directiones
1222 3291 1453 3381 potentiarum.
1503 3287 1593 3384 Quia
1609 3292 1808 3380 experientia
1833 3292 1933 3365 docet
1953 3305 2076 3376 omnia

524 3411 667 3484 corpora
680 3389 800 3476 firma,
824 3405 992 3478 utcunque
1007 3385 1109 3473 durn,
1131 3387 1150 3457 i
1172 3387 1323 3482 gravibus
1340 3385 1489 3478 appendis
1510 3386 1737 3478 ponderibus,
1763 3393 1981 3466 autoviribus
1996 3417 2077 3472 ma·
2130 3367 2137 3376 ⁸

526 3491 601 3586 gnis
619 3485 789 3579 applicatis
811 3481 958 3571 indedi,
988 3486 1096 3557 vestes
1119 3483 1296 3580 vulgares,
1319 3483 1439 3574 quibus
1468 3482 1574 3554 moles
1597 3483 1746 3578 ingentes
1769 3505 1960 3580 movemus,
1992 3497 2076 3586 ple.

523 3605 666 3754 ,rumqthe
690 3581 925 3677 inflectuntur,
944 3584 1100 3676 curvique
1121 3582 1228 3655 fiunt:
1250 3584 1286 3654 in
1313 3580 1376 3682 iliis
1397 3579 1522 3680 cnfibus
1543 3577 1615 3652 hec
1629 3580 1812 3672 propositio
1826 3589 1896 3660 :erit
1913 3589 1951 3662 in
1970 3593 2074 3670 usum

527 3705 633 3759 vocari
657 3705 686 3755 u.

383 3797 522 3866 Uir-VI·
574 3791 878 3884 CCCCXXXVI,
898 3795 932 3868 Si
956 3791 1068 3898 Vedio
1083 3789 1180 3864 fuerit
1200 3789 1361 3886 angularis
1381 3787 1513 3875 ACB,
1529 3790 1563 3859 in
1579 3806 1678 3880 quem
1703 3793 1859 3882 potentiae
1877 3791 1904 3862 P
1920 3789 1991 3865 &S
2012 3798 2071 3870 di·

381 3903 483 3986 Fine.
529 3900 616 3974 rede
632 3913 835 3990 operentur,
860 3891 988 3966 dabitur
1011 3889 1248 3981 aequilibrium,
1270 3885 1332 3956 fiP
1349 3886 1459 3973 ads,
1492 3887 1539 3957 uti
1562 3885 1632 3956 BC
1660 3885 1702 3958 ud
1721 3887 1805 3960 CA.
1842 3886 1928 3986 Quae
1949 3897 2069 3968 omnia

523 4010 571 4070 'ex
584 3993 802 4090 superioribus
829 3991 946 4082 sponte
962 3988 1077 4058 fluunt.
2183 3991 2195 4006 -

382 4209 388 4234 κ
521 4217 525 4224 ¹
577 4123 611 4225 ἱ
636 4117 953 4200 CCCCXXXVII.
978 4115 1056 4210 Ope
1066 4113 1177 4187 Vediis
1193 4134 1315 4187 tantum
1331 4136 1446 4206 perum
1464 4114 1604 4191 solemus
1618 4141 1750 4194 movere
1768 4119 1821 4194 vei
1835 4120 1963 4198 elevare
1978 4147 2065 4218 pon·
2110 4161 2114 4169 ·

523 4219 634 4308 ders,
658 4223 791 4320 digitur
812 4215 938 4293 necesse
952 4213 998 4285 est
1014 4233 1050 4286 ut
1063 4211 1115 4284 vel
1130 4211 1206 4305 plus
1230 4232 1449 4302 moueantur,
1482 4215 1534 4288 vel
1551 4237 1651 4292 onera
1667 4214 1761 4292 altius
1788 4219 1967 4310 tollentur,
1989 4223 2064 4298 aiiae

482 4381 487 4390 .
522 4320 692 4416 machino
705 4319 782 4391 ¹sunt
795 4321 830 4390 in
842 4315 934 4388 usum
947 4310 1115 4386 vocandae.

387 4415 526 4516 Tendit
565 4413 798 4512 'Aliquantum
813 4413 909 4486 altius
924 4409 1003 4522 tolli.
1011 4430 1076 4503 ope
1096 4409 1208 4488 Vediis
1214 4409 1383 4506 medodi,
1401 4433 1499 4504 quarn
1514 4433 1581 4506 ope
1601 4414 1741 4512 vulgaris
1757 4415 1897 4507 poffunt.
1947 4409 2063 4494 vedis

384 4517 488 4598 tun.
518 4583 527 4596 ,
559 4513 772 4594 rodudiusest
786 4509 926 4599 ACB,
950 4529 1041 4600 quus
1056 4528 1203 4582 centrum
1232 4529 1341 4582 motus
1362 4509 1409 4582 est
1435 4513 1470 4584 in
1487 4507 1546 4596 C,
1577 4531 1680 4586 uncus
1704 4513 1834 4588 mobilis
1854 4515 1887 4586 A
1904 4509 1964 4602 D,
1987 4537 2065 4607 pre·

518 4541 649 4734 ,ἕως
660 4610 775 4688 dentes
791 4609 913 4712 regtdae
928 4605 1019 4697 EF,
1045 4607 1140 4706 cujus
1154 4607 1309 4684 cornibus
1326 4605 1385 4699 E,
1402 4608 1455 4684 vel
1478 4607 1599 4704 pedii*
1614 4631 1715 4685 onera
1734 4615 1962 4706 irnponunntr:
1980 4611 2063 4684 aiter

910 4747 913 4756 ·
1997 4725 2062 4778 un·
