4538 6072
482 373 607 458 .68
889 353 1394 450 DESPATIO
1449 284 1774 449 VACUQ

537 571 627 635 'cum
648 561 686 632 sit
708 553 900 638 absurdum,
925 550 1065 641 sequitur
1088 545 1201 621 Deum
1225 548 1288 620 else
1302 549 1587 640 omnipraesentem
1618 553 1651 624 in
1670 571 1743 625 toto
1760 554 1884 646 sperio.
1935 555 2090 654 Quorno·

552 659 598 730 do
625 675 735 728 autem
761 651 857 724 Deus
881 647 916 720 id
942 646 1131 738 adimplet,
1158 643 1324 718 &omnia
1349 667 1491 737 corpora
1511 648 1640 720 extensa
1663 651 1849 738 conseruat,
1876 654 1943 746 ipse
1965 677 2091 732 tentum

554 751 868 845 spiritus„ninirne
899 743 1075 816 extensus?
1100 742 1154 814 hic
1176 746 1261 815 acies
1291 745 1411 840 ingenii
1428 743 1592 815 hebescit:
1618 743 1654 816 u
1675 769 1766 820 mens
1789 749 1919 841 prorsus
1941 759 2092 830 caecutit:

553 843 769 922 balbutiendo
791 845 951 927 dicimus,
974 841 1009 912 id
1028 861 1098 912 non
1128 839 1198 911 fieri
1221 861 1314 912 more
1341 841 1502 927 humano,
1528 863 1590 914 nec
1602 863 1696 914 more
1709 867 1897 938 corporeo,
1922 850 1975 922 scd
1993 854 2092 926 nobis

556 943 687 1037 prorsus
712 944 882 1038 incognito
908 938 1031 1022 modo,
1055 937 1140 1008 adeo
1155 957 1191 1008 ut
1212 935 1292 1009 nihil
1324 941 1431 1010 minus
1448 959 1547 1030 quam
1570 943 1866 1032 omnipraesentium
1888 946 2027 1020 divinam
2042 953 2093 1022 in-

557 1042 757 1136 colligamus,
789 1037 871 1112 nihil
898 1055 1006 1110 umen
1037 1036 1148 1128 potios
1177 1034 1412 1134 agnoscamus,
1434 1036 1488 1108 hic
1519 1036 1615 1108 nobis
1629 1059 1802 1129 praeeunte
1825 1042 1922 1116 Sacra
1947 1049 2092 1139 Scriptu-

557 1158 603 1212 sa.
637 1138 720 1235 (a).

789 1714 1183 1802 cneus
1291 1713 1901 1824 omnnium,

972 1935 1039 2020 De
1066 1931 1198 2039 Loco,
1225 1933 1400 2048 Tampore
1417 1937 1607 2032 &Men

553 2227 587 2331 ς.
612 2227 806 2305 CLXXIX
837 2230 977 2402 Lares
1000 2227 1208 2345 ellduplex,
1233 2227 1464 2306 Absolutus&
1488 2205 1677 2308 Relotivus:
1702 2235 1881 2334 Absolutus
1902 2236 1948 2310 est
1964 2235 2090 2329 aliquid

929 2335 1032 2420 bponr
1068 2326 1216 2398 Unrvers
1235 2328 1255 2397 i
1272 2351 1413 2419 corpore
1428 2353 1648 2423 occupatum:
1674 2331 1786 2406 Loctu
1807 2336 1971 2408 absolutus
1984 2335 2092 2408 deter-

401 2499 405 2506 ,
482 2435 487 2444 ”
550 2429 665 2500 minari
695 2450 715 2499 a
741 2427 837 2498 nobis
861 2447 929 2496 non
951 2423 1076 2514 potest:
1101 2420 1191 2492 Nam
1215 2425 1252 2493 fit
1271 2427 1304 2492 in
1330 2426 1445 2512 Spotio
1467 2428 1597 2496 infinito
1622 2449 1744 2498 tantum
1773 2454 1875 2502 unum
1900 2436 2089 2518 corpusA,

550 2544 649 2614 quem
674 2524 808 2605 locum,
832 2541 931 2612 quem
956 2520 1048 2588 fimm
1063 2511 1185 2586 habeti
1211 2520 1326 2606 nequit
1339 2519 1404 2588 dici
1423 2519 1650 2606 finistrotsum,
1674 2522 1894 2611 dextrorsum,
1918 2522 2089 2614 prorsum,

548 2620 750 2702 antrorsum,
776 2617 938 2705 superius,
965 2613 1099 2682 inferius
1113 2609 1181 2680 uc.
1206 2613 1270 2682 esse
1286 2613 1449 2700 pofitum,
1475 2620 1552 2702 quia
1584 2618 1655 2686 haec
1674 2623 1785 2690 omnia
1799 2620 1987 2711 supponunt
2007 2622 2089 2692 relt-
2210 2617 2213 2626 ’

550 2717 677 2785 tionem
692 2734 768 2783 cum
783 2709 853 2778 aliis
869 2706 1088 2797 corporibus:
1113 2725 1190 2794 cum
1208 2721 1315 2775 autem
1329 2709 1364 2776 in
1377 2707 1490 2798 Spurio
1503 2709 1631 2782 infinito
1646 2713 1727 2784 nibil
1743 2736 1911 2801 occursat,
1934 2717 1976 2786 ad
1997 2718 2090 2807 quod

550 2829 672 2898 corpus
704 2809 759 2886 A,
783 2803 892 2874 rescrri
917 2800 1047 2892 potest,
1072 2801 1167 2869 locus
1187 2800 1352 2872 absolutus
1373 2803 1578 2876 determinari
1598 2811 1727 2898 nequit:
1753 2809 1838 2882 Non
1862 2834 1970 2885 autem
1994 2814 2089 2886 locus

551 2903 600 2974 est
619 2902 845 2994 superficies,
872 2919 950 2990 quae
985 2918 1108 2987 corpus
1136 2897 1258 2980 ambit,
1283 2919 1357 2968 nom
1390 2899 1565 2971 solidorum
1593 2905 1770 2994 aequalium
1798 2910 1939 2998 aequales
1966 2909 2093 3002 semper

549 3000 623 3072 sunt
638 3001 722 3070 loci:
748 2993 932 3088 superficies
960 3011 1071 3065 autem
1094 2993 1140 3062 ob
1164 2993 1448 3066 dissimilitudinem
1468 2995 1642 3091 figurarum
1666 3022 1701 3072 ut
1720 3003 1893 3093 plurimum
1914 3009 2091 3096 inequales

549 3095 632 3168 sunt.
650 3095 746 3168 Pedis
762 3095 850 3164 enim
872 3091 993 3164 Cubici
1015 3090 1159 3164 extendo
1188 3092 1313 3180 semper
1335 3089 1381 3158 est
1403 3093 1539 3177 eadem,
1565 3097 1599 3163 in
1621 3115 1703 3183 quot
1725 3103 1821 3168 etiam
1847 3121 1954 3188 partos
1970 3103 2091 3178 Cubus

550 3215 731 3288 corporeus
752 3192 928 3264 dividatur:
955 3188 1021 3260 Sed
1048 3185 1232 3277 superficies
1248 3189 1341 3276 pedis
1363 3185 1484 3258 Cubici
1505 3189 1551 3260 est
1569 3191 1592 3260 6
1607 3192 1729 3280 pedum
1745 3193 1998 3284 quadratorum,
2011 3219 2092 3274 cum

551 3312 632 3366 vero
664 3291 808 3362 bifenum
838 3287 996 3360 dividatur
1020 3283 1160 3356 sectione
1181 3285 1222 3354 od
1242 3285 1326 3352 larus
1349 3285 1521 3374 parallelo,
1546 3286 1730 3378 superficies
1753 3292 1918 3362 ambarum
1947 3296 2088 3383 partium

553 3387 600 3462 est
615 3389 640 3460 '8
657 3386 778 3478 pedum
796 3383 1049 3476 quadratorum,
1067 3377 1104 3450 dt
1119 3379 1156 3449 fit
1168 3381 1383 3471 plurimorum
1399 3384 1522 3472 pedum
1539 3383 1561 3458 i
1585 3385 1741 3456 divisrone
1764 3391 1985 3461 numerosrori.
2018 3391 2091 3465 Lo·
2130 3455 2138 3468 .

556 3505 615 3556 cus
631 3487 727 3554 etiam
739 3503 808 3553 non
827 3479 873 3550 ell
896 3479 971 3551 fitus
992 3481 1163 3568 corporis,
1186 3479 1262 3568 quia
1286 3477 1363 3548 sirus
1375 3483 1508 3573 proprie
1528 3480 1698 3572 loquendo
1720 3488 1930 3575 quantitatem
1949 3511 2017 3560 non
2030 3489 2091 3562 ha·
2173 3559 2176 3566 .

554 3581 632 3666 ber,
655 3591 763 3671 neque
787 3599 851 3648 tam
869 3577 917 3648 est
940 3577 1054 3663 locus,
1079 3596 1176 3666 quam
1200 3573 1268 3664 ejus
1294 3571 1444 3648 affectio:
1464 3577 1499 3648 Si
1521 3577 1668 3668 Spatium
1692 3601 1733 3652 ex
1747 3585 1892 3672 partibus
1906 3585 2090 3678 constaret,

345 3697 353 3712 ·
493 3753 499 3766 ,
554 3676 668 3750 Locus
681 3676 769 3750 soret
786 3675 973 3768 patsSpatii
991 3697 1011 3746 a
1031 3692 1172 3764 corpore
1186 3692 1357 3762 occupata.

606 3795 639 3884 ς.
666 3791 844 3866 CLXXX.
877 3795 983 3866 Locus
1008 3795 1187 3865 Relatiuus
1215 3793 1260 3864 eli
1298 3794 1415 3884 aliquis
1441 3795 1588 3884 corporis
1618 3794 1693 3864 stus
1720 3796 1864 3886 respeeiu
1891 3801 2031 3874 aliorum
2052 3808 2091 3880 in

555 3889 662 3966 sensus
700 3892 956 3972 incurrentium,
1000 3886 1036 3960 δι
1073 3889 1265 3979 quibuscum
1289 3911 1504 3979 comparetur.
1569 3889 1765 3980 Plerumque
1794 3891 1932 3964 solemus
1955 3898 2092 3974 alterius

553 3990 705 4080 corporis
722 3989 833 4058 locum
859 4007 935 4056 cum
950 3985 1061 4056 nostro
1074 4007 1283 4076 comparare,
1307 4008 1405 4078 utque
1426 3991 1469 4058 ita
1487 3987 1532 4058 eu
1557 3987 1608 4060 vel
1637 3989 1679 4058 ad
1696 3987 1864 4074 dextram,
1889 3993 1939 4063 vel
1953 3995 1994 4065 ed
2012 3996 2090 4070 lini·

556 4083 671 4168 stram,
697 4083 855 4174 superius,
881 4081 933 4153 vel
965 4081 1096 4152 inferius
1119 4081 1184 4152 uc.

605 4196 640 4296 Ξ.
661 4193 857 4276 CLXXXI.
883 4193 992 4268 Potest
1012 4217 1093 4292 ergo
1116 4194 1285 4269 Relativus
1305 4198 1398 4272 locus
1416 4197 1481 4271 eise
1500 4198 1608 4284 idem,
1633 4203 1780 4291 quamvis
1807 4185 1985 4280 Absolutus
2001 4211 2038 4282 lit
2054 4235 2089 4283 a·

557 4294 645 4381 lius,
669 4296 862 4390 corporibus
887 4295 923 4365 in
939 4292 1056 4367 eadem
1079 4293 1224 4370 distantia
1249 4293 1363 4370 &itu
1386 4320 1404 4368 a
1426 4295 1612 4369 seinvicem
1626 4299 1853 4389 manentibus,
1868 4307 2021 4376 omnibus
2038 4329 2087 4380 ta-

2011 4424 2091 4478 men

598 4583 659 4666 (a)
680 4585 895 4649 Deuteronom.
910 4557 982 4666 Cep.
998 4603 1029 4663 4.
1051 4591 1089 4652 V.
1112 4605 1159 4664 so
1181 4589 1252 4670 Cap·
1278 4607 1325 4656 te.
1347 4593 1386 4656 V.
1410 4611 1457 4666 ¹4·
1479 4593 1547 4656 le.
1573 4611 1597 4655 1·
1619 4593 1691 4672 lieu
1714 4593 1787 4678 Cep.
1812 4599 1840 4659 b.
1860 4595 1899 4656 V.
1922 4609 1971 4670 21·
1994 4595 2086 4658 isaim

682 4667 864 4823 advisa:
885 4673 924 4822 ξῚ
932 4667 1065 4814 Ιῗειιιίε
1087 4671 1158 4750 cap.
1179 4685 1229 4748 23.
1244 4671 1282 4736 V.
1303 4686 1352 4750 ²³·
1373 4689 1420 4751 re.
1441 4671 1513 4736 dile
1533 4671 1667 4755 Apostol.
1687 4673 1760 4754 Cap·
1785 4687 1814 4750 r.
1836 4674 1874 4736 V·
1889 4677 1938 4749 48.
1953 4691 2002 4751 49,
2011 4674 2084 4755 cap.
