4282 5962
420 245 591 391 'us
673 284 1591 387 uuucrurcrrnra
1713 306 1793 413 on

264 515 316 589 3⁰.
350 494 502 589 Quando
529 493 665 566 alterum
691 509 813 582 corpus
840 485 915 581 plus
945 481 1167 560 eledrieiotis
1190 486 1294 561 altero
1318 493 1504 581 receperit,
1537 494 1637 567 ambo
1661 497 1692 569 se
1716 498 1786 571 alli·

263 597 378 682 ciunt,
402 592 627 682 advolamque.

314 708 346 808 l.
371 705 704 787 DCCCLXXXIV.
736 704 892 797 Corpora
927 725 1003 794 quae
1037 705 1080 776 ab
1116 701 1352 778 ldioiledlticis
1385 706 1437 780 vel
1473 708 1785 799 Symperielcdrrlcis

264 808 480 900 repelluntur,
504 809 593 921 prius
616 802 736 921 allecia
757 801 905 888 suerunt,
931 798 1164 969 &fiteugqmnt
1188 800 1518 975 eleffldirriecadlsguffls·
1542 813 1787 976 ιιίξιιιῖἑιὲὲραιιιηῐιίιῖι8

263 899 464 1107 ἴξιξῑιιῗῑὲιιὲ
480 897 1252 1095 {ffiiggiicifgmtdffinguguffitcecgt,
1277 923 1375 1090 qugm
1400 955 1574 1071 effluebat:
1609 1001 1674 1071 Sed
1697 926 1789 1093 goll-

259 1120 359 1189 quam
390 1096 516 1191 perlusa
543 1097 616 1169 sunt
646 1091 898 1178 Elestrleirate,
933 1104 1008 1184 qu'ae
1036 1095 1131 1166 radiis
1161 1094 1403 1192 divergentibus
1437 1118 1618 1190 operatur,
1646 1097 1712 1190 jana
1746 1100 1788 1170 ab

265 1195 488 1291 Eleclricitate
513 1192 728 1265 ldioelectrici
749 1192 796 1263 ibi
806 1189 988 1304 effluente,
1005 1212 1051 1302 'ac
1072 1192 1168 1263 radiis
1192 1190 1330 1266 adverlis
1355 1212 1531 1284 operante,
1556 1192 1681 1285 repulsa
1706 1195 1788 1270 sunt

263 1292 337 1367 Cur
361 1315 441 1366 vero
460 1293 575 1364 eadem
597 1313 671 1406 pars
691 1289 762 1403 tubi
782 1291 877 1404 yrtrei
898 1285 1049 1403 elednci
1077 1311 1165 1405 nunc
1190 1294 1294 1405 rapis,
1319 1309 1408 1406 mox·
1423 1290 1573 1405 repellit?
1615 1290 1674 1361 An
1700 1313 1788 1378 non,

264 1394 342 1482 quia
362 1391 478 1505 eadem
501 1411 575 1484 pars
598 1390 667 1460 rubr
688 1385 791 1457 inem
816 1406 887 1458 non
906 1384 966 1500 dtu
989 1407 1098 1457 manet
1118 1410 1152 1458 ιιι
1183 1388 1274 1458 limrlr
1306 1386 1564 1502 cunstrtuoone!
1597 1383 1633 1457 δι
1658 1388 1792 1502 quando

264 1486 725 1658 m⁰d⁰fllil⁵nvi¹li¹lilil
740 1481 1794 1672 ,bailliisilzliilllnidlildballii:

264 1607 378 1754 ffitgrses
398 1680 578 1795 liunthinc
602 1679 702 1764 inde,
735 1677 811 1769 plus
832 1631 1058 1749 electricitatis'
1067 1679 1286 1772 exprimitur,
1318 1698 1394 1772 quae
1418 1677 1599 1769 plumulsm
1623 1600 1796 1769 perusii»

264 1779 605 2045 Ῑῗίξῗὲῃιιὲιῖἷᾛξξιιιιι
618 1891 757 2041 drantius?
788 1871 899 1960 levia,
934 1891 1008 1964 quae
1030 1869 1260 1963 repelluntur,
1294 1873 1402 1969 gratia
1432 1869 1485 1946 vel
1516 1869 1639 1964 majora
1671 1870 1796 1964 semper

259 1988 365 2063 anpr
403 1991 515 2056 oent,
592 1988 617 2042 'a
663 1990 826 2062 aerecere.

312 2087 345 2175 S.
370 2082 691 2157 DCCCLXXXV.
716 2085 752 2157 Si
779 2104 815 2158 re
839 2083 906 2157 ulsa
935 2106 1077 2179 corpora
1105 2083 1226 2156 fuerint
1247 2084 1343 2157 exilia
1368 2082 1539 2174 delevit,
1569 2088 1618 2161 uti
1642 2083 1799 2176 plumulae

265 2181 447 2266 subalares,
469 2182 608 2253 bradleae
624 2181 793 2255 metallicae
811 2106 900 2269 giu,
922 2179 989 2273 jam
1002 2184 1118 2254 cinciae
1143 2180 1351 2253 eledbicitate
1366 2185 1516 2276 pondere
1533 2181 1682 2276 specifice
1696 2182 1799 2255 levio·

263 2301 318 2352 res
339 2277 526 2363 aerosum,
551 2277 701 2369 adeoque
725 2279 759 2349 ia
781 2280 857 2349 ac're
878 2278 1056 2373 natabunt;
1081 2280 1241 2348 continuo
1252 2278 1408 2367 judiuram
1425 2281 1641 2353 electricitatis
1655 2278 1800 2363 faciunt,

263 2375 431 2450 uolumine
451 2372 661 2456 decrescuot3
683 2370 852 2440 lentiffrme
873 2372 932 2440 suo
955 2372 1105 2459 pondere
1131 2371 1347 2455 descendent,
1373 2376 1522 2463 inprimis
1546 2375 1639 2445 fiacr
1655 2375 1800 2463 aliquan·

266 2472 371 2543 tulum
397 2486 637 2538 commovetur.
687 2463 864 2558 Quamdiu
884 2465 921 2536 in
948 2465 1041 2539 Aire
1062 2463 1223 2548 volitant,
1257 2461 1294 2533 dt
1323 2468 1366 2534 ab
1394 2468 1628 2554 electricirate,
1661 2469 1803 2556 amplam

266 2568 424 2660 sphaeram
446 2563 611 2636 radiorum
628 2561 865 2654 divergentium
884 2558 1069 2645 fomente,
1094 2559 1299 2643 ambiuntur,
1325 2580 1395 2649 non
1418 2559 1603 2633 alliciuntur
1625 2563 1802 2637 abeodem

271 2663 500 2737 ldioelettrico
529 2659 669 2728 excitato
690 2654 837 2743 ejusdem
860 2656 1017 2750 generis,
1051 2654 1214 2725 ambobus
1237 2650 1358 2727 cinctu
1387 2656 1430 2726 ab
1455 2655 1681 2745 Aunosphaera
1704 2655 1802 2731 radiis

268 2760 406 2833 adverfis
429 2771 613 2847 operante;
645 2748 723 2821 ideo
753 2768 896 2846 pergunt
922 2749 1056 2825 abhoc
1089 2748 1234 2840 repelli,
1269 2746 1305 2819 ἂ
1329 2754 1364 2821 in
1396 2752 1472 2829 aire
1495 2750 1658 2837 volitare,
1691 2751 1801 2827 donec

268 2858 358 2937 suam
378 2850 619 2924 ele'trriciratern
642 2867 719 2917 cum
743 2845 810 2917 alio
833 2866 976 2936 corpore
1000 2866 1069 2918 non
1093 2844 1274 2931 electrico,
1293 2846 1352 2919 ‘vel
1376 2846 1450 2938 post
1473 2844 1659 2944 longiorem
1674 2869 1802 2924 moram

267 2973 346 3027 cum
370 2951 486 3032 Aere,
518 2962 576 3016 aut
600 2964 676 3014 curn
695 2939 898 3034 corpusculis
924 2944 960 3011 in
981 2962 1024 3013 eo
1047 2938 1256 3014 volitantibus
1278 2945 1630 3027 communicaverunt:
1662 2946 1803 3023 Deinde

269 3049 325 3123 sua
341 3045 550 3119 elellricitate
567 3039 680 3115 orbata
693 3039 803 3111 denuo
818 3038 859 3109 ab
872 3038 1032 3111 cledlricis
1051 3035 1245 3130 rapiuntur,
1262 3062 1364 3121 ⁴notra
1384 3043 1418 3116 ui
1442 3041 1671 3128 imbuuntur,
1697 3044 1803 3134 repel-

275 3149 451 3234 lunturque
482 3140 525 3209 ab
555 3136 668 3208 'eadem
695 3154 786 3227 parte
815 3137 885 3205 tubi
915 3154 952 3206 ut
971 3156 1057 3221 ante.
1108 3134 1171 3207 Est
1193 3130 1248 3208 bic
1272 3158 1382 3229 raptus
1407 3134 1444 3209 dc
1468 3137 1612 3230 repulsus
1637 3141 1722 3231 saepe
1746 3139 1803 3211 ad-

273 3242 412 3316 modum
432 3236 537 3309 celer:
562 3235 609 3305 uti
628 3231 772 3317 videaur,
801 3231 934 3325 quando
958 3228 1104 3325 plumula
1128 3229 1279 3317 subalaris
1301 3235 1344 3305 ad
1368 3234 1548 3325 distantiam
1574 3236 1666 3327 svel
1683 3235 1804 3325 apoll.

277 3342 300 3414 d
322 3340 403 3410 tubo
424 3332 538 3404 fricato
558 3331 662 3403 vitreo
684 3349 811 3401 tenetur
830 3327 968 3424 digitis,
992 3328 1113 3420 quibus
1126 3332 1254 3421 apertis
1277 3330 1423 3422 plumula
1447 3332 1500 3403 ad·
1513 3333 1628 3404 tubum
1653 3330 1805 3418 advolat,

274 3456 355 3510 mox
369 3426 495 3505 excull'a
513 3428 647 3499 incurrit
665 3428 700 3496 in
717 3426 857 3521 digitos,
882 3426 901 3496 i
923 3427 1051 3517 quibus.
1066 3426 1110 3495 ab
1124 3425 1331 3500 electricitate
1356 3428 1524 3515 avellitur,
1545 3429 1589 3501 ad
1607 3432 1723 3502 tubum
1748 3430 1805 3501 ad·

274 3534 409 3616 volans,
434 3547 514 3598 mox
538 3528 656 3595 iterum
682 3520 810 3592 exculla
832 3523 866 3592 in
888 3521 1029 3618 digitos,
1054 3521 1155 3613 idque
1174 3523 1346 3615 aliquoties
1371 3526 1539 3603 celenime
1563 3531 1730 3621 repetitur.

326 3648 359 3747 ᾗ.
383 3638 721 3719 DCCCLXX-XVI.
748 3636 837 3711 Duo
857 3660 998 3729 corpora
1017 3637 1120 3710 libere
1140 3640 1244 3728 posrra
1276 3637 1312 3709 or
1336 3642 1510 3727 distantia,
1542 3640 1627 3715 cir'ca
1652 3670 1726 3739 quae
1751 3666 1805 3718 ea·

278 3748 355 3822 dem
373 3744 566 3816 elediricitas
587 3736 633 3808 est
657 3735 864 3821 circumfusa,
889 3738 924 3807 in
950 3734 1143 3828 interuallo,
1168 3738 1295 3827 inquo
1320 3743 1448 3828 operari
1472 3742 1506 3808 in
1530 3734 1564 3807 se
1587 3743 1746 3832 poliunt,
1772 3743 1805 3812 se

277 3842 456 3939 repellunt:
482 3834 518 3908 ἃ
537 3837 696 3907 martinus
710 3832 756 3904 ell
774 3832 941 3925 repulsus,
965 3855 1034 3925 quo
1059 3832 1245 3929 generalior·
1269 3833 1316 3904 est
1340 3834 1530 3906 eledbicitas
1543 3839 1805 3928 -circa'corpora

279 3936 488 4022 circumfusa,
514 3935 679 4027 praecipue
701 3931 724 4002 fi
749 3949 818 4009 tum
843 3933 877 4002 iu
899 3930 1107 4002 electricirare
1122 3934 1290 4023 utriusque
1314 3932 1411 4005 fuerit
1433 3931 1661 4024 aequilibrium.
1700 3931 1804 4030 Quod

282 4037 401 4129 probat
423 4054 591 4119 autnon,
625 4048 682 4101 aut
711 4031 764 4104 vix
793 4027 978 4119 permisceri
1007 4028 1265 4120 atmosphaeras,
1296 4029 1443 4122 ejsudem
1468 4031 1547 4102 licet
1569 4031 1803 4104 eleclriciratisr

283 4132 366 4215 Ideo
383 4131 502 4200 omnia
534 4129 696 4199 filamenta
728 4125 857 4198 seminis
885 4126 1045 4219 pappoll,
1077 4124 1129 4198 vel
1162 4125 1315 4216 plumulae
1351 4126 1500 4200 subalaris
1527 4129 1568 4200 ab
1594 4131 1803 4202 eletlricitate

282 4232 476 4325 eriguntur,
499 4246 518 4294 a
538 4224 568 4294 se
590 4225 820 4316 repelluntur,
850 4227 926 4315 quia
949 4225 1120 4316 quodlibet
1144 4223 1342 4298 filamentum
1368 4225 1507 4300 seorsum
1532 4229 1573 4300 ab
1598 4229 1804 4325 electricitate

285 4326 429 4419 ejusdem
452 4323 592 4392 eledrici
613 4323 761 4393 ambitur.
811 4322 845 4393 Si
866 4321 958 4392 filum
985 4344 1004 4392 a
1051 4322 1132 4394 lobo
1158 4320 1312 4394 detineo
1333 4323 1509 4412 alliciatur,
1535 4326 1593 4398 filo
1618 4347 1725 4400 autern
1743 4327 1803 4396 ob-

285 4443 425 4497 vertauu
446 4421 567 4515 digitus
585 4418 791 4489 electricirate
814 4416 979 4509 perfusus,
1002 4344 1094 4490 lifum
1120 4442 1139 4489 a
1161 4417 1267 4514 digito
1288 4419 1469 4517 fugabitur3
1496 4426 1571 4516 quia
1589 4424 1804 4514 annosphaera

286 4519 335 4599 fill
360 4516 396 4594 dc
419 4518 513 4617 digiti
535 4516 576 4589 ab
596 4513 729 4591 effluvio
747 4515 988 4613 divergentibus
1012 4512 1313 4688 &adrerloNcursu
1328 4518 1707 4611 fluentibus-formatur:
1730 4518 1803 4684 Za-

1240 4635 1310 4688 na
1767 4629 1804 4683 ο·
